3167 5000
514 494 620 542 nse1s
643 495 859 544 suecorum
1098 481 1163 545 127

260 648 342 715 'Nec
358 668 474 730 mora3
492 652 571 716 clun
586 671 701 715 eomes
721 652 765 715 ad
785 671 897 729 suum,
916 653 1008 735 quod
1023 654 1163 735 propin·
1176 669 1290 719 nexus

214 750 315 832 quius
339 752 549 828 imminebat,
574 749 753 815 castellum
780 758 862 816 tunc
885 751 1034 832 primbm
1056 753 1161 817 adve-
1175 718 1327 818 diffidi·

213 850 313 925 niret,
328 859 368 914 ut
389 851 537 915 militum
556 850 615 926 ibi,
629 859 666 914 et
683 851 1019 932 escarumimposito
1039 851 1160 916 suffra·
1174 819 1306 959 51¹2?ssqu

214 949 284 1027 gio,
309 950 385 1031 regi
407 951 478 1013 suis
502 950 666 1013 obsistere
688 951 901 1032 praeciperet,
929 969 1010 1013 ecee
1031 970 1094 1013 rex
1117 971 1161 1015 ex
1182 930 1197 957 ⁰
1220 919 1267 968 ¹⁵⁸⁰

214 1045 362 1111 adversa
391 1049 525 1113 castelli
562 1056 672 1130 parte,
702 1048 877 1130 dispositis
911 1049 1035 1113 bellico
1065 1070 1161 1113 more

214 1147 420 1226 agminibus,
446 1146 621 1229 inopinate
648 1148 769 1224 astitit,
794 1148 977 1229 ipsumque
1002 1148 1161 1211 comitem

213 1245 459 1328 intercepisset,
470 1248 537 1310 nisi
549 1244 693 1309 mentita
705 1243 864 1328 personb,
874 1252 909 1309 et
920 1244 1094 1311 occultata
1109 1247 1159 1310 sa-

214 1344 276 1419 cie,
291 1346 381 1408 inter
394 1346 563 1409 tumultus
577 1346 705 1427 passim
719 1346 936 1425 insurgentes
946 1365 1025 1408 cum
1040 1348 1160 1427 paucis

214 1444 417 1525 aufugisset.
470 1446 549 1509 Rex
578 1446 697 1525 itaque
722 1444 863 1526 repente
892 1439 1067 1521 assistere,
1089 1453 1158 1508 ter·
1172 1462 1302 1512 nemu,

1171 1514 1223 1553 with
1232 1516 1274 1552 two

214 1560 302 1619 rore,
317 1550 352 1606 et
366 1542 531 1608 violentia
549 1542 744 1607 castellanis
764 1541 873 1619 illata,
889 1543 1060 1607 redditum
1082 1563 1158 1607 cas-
1171 1564 1250 1609 0um,
1266 1563 1285 1603 u

213 1641 333 1703 tellum
362 1641 442 1723 post
477 1641 588 1725 pauca
616 1642 778 1724 suscepit.
846 1642 992 1705 Duobus
1021 1614 1243 1724 quoq‘uem

215 1738 401 1804 Gisleberti
426 1741 576 1805 castellis
598 1741 731 1817 festine,
751 1748 786 1816 et
806 1742 907 1822 quasi
928 1742 963 1804 in
983 1742 1059 1822 ipso
1074 1761 1159 1811 ,cur-

214 1840 320 1903 rentis
336 1840 467 1921 impetu
486 1841 675 1923 occupatis,
690 1840 736 1903 ad
751 1847 926 1921 quartum,
941 1840 1034 1923 quod
1049 1840 1159 1904 Pene-
1172 1860 1218 1899 ne
1227 1860 1286 1909 ru«

1133 1940 1141 1954 .
1172 1910 1269 1949 marchen

214 1937 327 2002 vesel¹
342 1939 530 2016 dicebatur,
545 1937 667 2003 laxatb
682 1937 790 2013 mort,
810 1939 965 2002 tetendit.
1004 1939 1068 2002 Est
1084 1958 1159 2021 qu1·
1172 1960 1255 2008 uuna
1265 1960 1303 1999 re

214 2036 292 2115 dem
305 2037 505 2115 Penevesel,
523 2038 714 2114 castellnm,
725 2038 912 2101 editissimo
927 2057 1056 2119 aggere
1077 2039 1158 2102 sub·
1171 2019 1251 2107 litt?

214 2135 334 2213 latum,
350 2157 448 2200 muro
474 2138 715 2202 venustissimo
736 2137 886 2218 undique
907 2137 1159 2218 praemunitum,

215 2236 352 2315 gurgite
374 2238 505 2300 marino
528 2236 690 2300 abluente
710 2236 1025 2316 inexpugnabiliter
1049 2234 1159 2300 valla-

214 2339 299 2410 tum,
336 2336 403 2398 loci
440 2334 639 2398 difficultate
676 2334 765 2417 pene
793 2336 1017 2397 inaccessum.
1077 2333 1160 2397 Huc

193 2484 194 2487 ,
213 2432 319 2514 igitur
334 2432 412 2496 oiim
426 2454 501 2510 rex,
517 2435 671 2497 exercitu
686 2434 881 2509 eomitante,
896 2452 934 2495 se
949 2432 1159 2510 contulisset,

214 2531 349 2614 locique
371 2535 594 2597 munitionem
618 2534 662 2597 ad
684 2532 955 2614 expugnandum
977 2530 1159 2608 difficilem,

214 2633 349 2712 eosqui
372 2652 409 2696 se
433 2632 527 2696 intus
548 2633 775 2708 contulerant,
791 2631 836 2694 ad
858 2631 1082 2694 resistendum
1097 2650 1160 2712 pa-

214 2736 307 2794 ratos
328 2733 549 2813 percepisset,
572 2731 678 2794 fidum
700 2731 868 2812 protinus,
890 2738 925 2794 et
947 2735 1160 2793 constantem
1235 2731 1254 2747 ⁸

214 2829 344 2896 militiae
360 2849 433 2893 suae
448 2849 604 2907 cuneum,
620 2831 676 2893 cui
691 2828 864 2911 praecipue
879 2829 1099 2905 innitebatur,
1115 2829 1159 2891 ad

215 2946 274 2990 eos
294 2928 498 2992 obsidendos
520 2930 568 2992 ibi
589 2929 747 3010 reliquit;
776 2929 853 2993 vive
875 2927 943 2990 illis
964 2927 1158 3010 injungens,
1172 2946 1297 2985 aarum.

215 3034 254 3088 ut
267 3034 418 3109 sumptu,
434 3034 469 3091 et
486 3028 598 3110 opere,
611 3028 760 3108 ingenio,
770 3033 806 3090 et
817 3026 890 3091 arte
905 3026 1128 3102 obsidionem,
1138 3047 1160 3089 a
1171 2997 1222 3036 “¹⁰⁸
1234 2997 1259 3036 ¹*

215 3133 312 3207 parte
330 3127 445 3202 meriS,
460 3146 538 3190 curn
550 3127 707 3203 navibus,
718 3145 739 3188 a
754 3133 855 3189 terrae
867 3125 950 3189 verd
964 3133 1159 3206 prospectu,

215 3243 291 3286 cum
333 3225 497 3289 militibus
538 3223 766 3299 intenderent,
805 3241 984 3304 quousque
1021 3222 1161 3285 tandem

214 3321 331 3398 taedis,
351 3330 385 3387 et
405 3322 608 3385 lassitudine
630 3321 809 3402 defatigati
829 3320 1011 3384 resistendi
1032 3321 1160 3403 impos·

214 3421 412 3486 sibilitatem
428 3420 677 3502 profiterentur.

266 3521 360 3584 Dum
372 3520 446 3583 haec
461 3521 511 3584 ita
526 3526 721 3602 agerentur,
730 3518 1011 3596 Henricu8,filius
1027 3519 1161 3583 comitis
1174 3536 1255 3584 nourr.
1265 3537 1302 3575 tho

1173 3596 1212 3625 son
1222 3586 1247 3624 ot
1252 3585 1325 3624 Matil-

216 3619 440 3701 Andegaviae,
451 3619 568 3702 justus
590 3619 687 3700 regni
702 3618 897 3701 Anglorum
911 3618 1033 3694 haeres,
1048 3627 1084 3682 et
1099 3638 1160 3700 ap·
1173 3635 1309 3724 miin-

135 3737 137 3740 ·
214 3714 352 3800 petitor,
368 3739 446 3782 cum
466 3716 589 3782 floridb
603 3717 750 3781 militum
765 3714 919 3792 catervi,
934 3737 978 3779 ex
993 3724 1162 3780 transma-
1172 3744 1197 3821 iry
1205 3734 1323 3822 gitllqd·

215 3817 298 3879 rinis
331 3817 486 3899 partibus
516 3813 681 3896 Angliam
716 3813 880 3879 advenit.l
946 3812 1161 3903 Concessum
1181 3794 1196 3822 ¹¹
1238 3794 1310 3832 Μ’

215 3917 380 3997 protinus,
391 3923 425 3979 et
439 3916 680 3979 conturbatum
693 3914 727 3976 in
741 3913 818 3997 ejus
833 3913 985 3976 adventu
1000 3932 1160 3993 regnum;

218 4089 221 4095 ’
248 4097 417 4160 ¹Pevensey.
576 4151 578 4156 ,
699 4099 763 4148 atter
778 4112 846 4147 some
864 4097 1036 4149 considerable
1050 4097 1164 4158 politicnl

248 4166 259 4198 ²
275 4169 301 4217 It
310 4169 397 4218 would
411 4182 478 4217 seem
488 4167 551 4216 lrorn
562 4167 676 4216 Willium
700 4167 822 4228 intrigues
833 4166 888 4215 that
899 4167 989 4227 Henry
996 4181 1050 4215 was
1061 4167 1165 4228 permit-

214 4238 244 4286 ol
251 4238 411 4300 Mnlmsbury
421 4237 476 4286 that
488 4238 509 4286 it
519 4251 574 4287 was
584 4241 628 4285 not
638 4235 677 4284 till
700 4236 743 4285 ted
761 4241 787 4286 to
806 4251 877 4286 come
903 4241 930 4285 to
948 4236 1074 4298 England.
1121 4236 1164 4284 He
