3167 5000
401 478 466 543 loa
700 490 823 539 orsus
847 488 1046 547 ,strennua

402 648 540 749 Q
556 646 697 713 infamia
710 654 868 713 notatum
883 651 1035 729 caperet,
1046 652 1082 710 et
1097 644 1239 711 redditis
1254 666 1351 729 quae·

403 768 551 831 cumque
567 748 766 831 possederat
783 747 946 824 castellis,
961 753 996 810 et
1019 766 1083 812 rex
1106 746 1280 827 posthinc
1299 766 1351 809 se-

240 871 329 913 omne
345 871 380 909 a.
404 869 518 926 curus,
530 856 568 913 et
578 869 721 931 regnum
735 848 844 931 ipsius
857 848 1041 912 haberetur
1052 846 1221 930 pacatius.
1252 846 1352 927 Rege

240 921 383 1021 {libili}
404 949 513 1013 multo
528 956 682 1032 tempore
696 948 883 1023 differente,
900 967 944 1011 ne
964 947 1061 1027 regia
1076 946 1239 1030 majestas
1260 946 1353 1029 turpi

241 1022 329 1063 Μ*
405 1049 608 1151 prodijionis
639 1049 823 1133 opprobrio
853 1046 1088 1123 infamaretur,
1119 1045 1235 1112 subitb
1263 1046 1351 1111 inter

407 1147 603 1223 Galfridum
624 1153 660 1213 et
681 1151 840 1224 barones,
858 1146 1004 1231 injuriis,
1025 1155 1062 1210 et
1075 1145 1177 1211 minis
1191 1146 1352 1227 utrinque

406 1249 587 1331 protensis,
605 1255 683 1312 orta
707 1247 855 1315 seditio:
878 1265 1025 1328 cumque
1045 1266 1110 1310 rex
1127 1244 1280 1310 habitam
1302 1247 1353 1309 in·

407 1356 460 1422 ter
485 1367 546 1412 eos
567 1347 823 1425 dissensionem,
840 1346 970 1411 sedatis
993 1346 1163 1429 partibus,
1185 1345 1353 1411 niteretur

407 1446 577 1526 dirimere,
590 1449 762 1513 affuerunt
769 1446 922 1529 quidam,
931 1446 992 1528 qui
1007 1444 1203 1509 Galfridum
1216 1445 1259 1509 de
1274 1464 1352 1526 pro·

407 1547 547 1611 ditionis
571 1546 719 1613 faotione
744 1547 780 1609 in
801 1566 851 1623 se,
868 1552 904 1610 et
918 1564 1000 1610 suos
1021 1542 1229 1621 machinata,
1243 1543 1352 1610 libera
1404 1555 1412 1579 ¹¹

247 1668 371 1717 carseo
407 1646 520 1711 fronte
542 1648 760 1712 accusabant.
826 1644 984 1727 cumque
1004 1663 1042 1709 se
1064 1644 1107 1709 de
1129 1644 1265 1727 objecto
1287 1645 1352 1709 cri·

245 1720 345 1807 diffidi
354 1718 397 1807 iii
408 1747 499 1809 mine
513 1746 651 1810 minime
666 1752 844 1829 purgaret,
858 1745 920 1809 sed
929 1744 1163 1828 turpissimam
1179 1744 1353 1810 infamiam

248 1818 331 1868 “hm
409 1847 523 1910 verbis
540 1845 672 1930 jocosis
694 1845 877 1909 alludendo
898 1845 1109 1927 infringeret,
1134 1864 1209 1922 rex,
1231 1853 1267 1909 et
1295 1845 1354 1927 qui

409 1952 596 2027 praesentes
621 1953 722 2011 erant
744 1946 904 2021 barones,
925 1943 1121 2009 Galfridum
1142 1951 1178 2008 et
1202 1964 1284 2008 suos
1305 1964 1356 2009 re-

246 2044 514 2145 ffert-pente
543 2052 721 2128 ceperunt,
770 2044 861 2109 Haec
893 2052 1020 2119 autem,
1052 2051 1092 2106 ut
1120 2043 1231 2108 relata
1261 2051 1353 2122 sunt,

309 2131 315 2143 ’
410 2145 503 2227 apud
519 2154 676 2209 sanctum
692 2142 868 2209 Albanum
884 2144 1005 2208 effecta
1022 2144 1252 2225 contigerunt.

248 2250 387 2341 mile
462 2245 541 2307 Rex
557 2244 663 2325 igitur
678 2243 887 2320 Galfridum,
904 2242 1070 2307 custodiis
1087 2243 1276 2317 arctissime
1294 2244 1353 2307 ad-

248 2351 375 2399 metiat-
411 2342 541 2421 hibitis,
569 2343 767 2408 Londonias
789 2343 975 2419 adducens,
997 2343 1033 2406 ui
1054 2343 1188 2421 turrim,
1210 2351 1245 2408 et
1276 2363 1353 2425 quae

249 2402 302 2451 ‘m'
411 2443 498 2508 miro
520 2442 637 2509 labore
661 2451 696 2509 et
717 2443 863 2508 artificio
878 2450 1037 2509 erexerat
1053 2442 1208 2520 castella,
1225 2443 1261 2507 in
1283 2462 1354 2508 ma-

411 2562 477 2607 nus
492 2543 568 2626 ejus
583 2544 823 2620 committeret,
837 2542 1021 2626 suspendio
1035 2543 1182 2608 cruciari
1196 2544 1354 2626 paravit:

249 2662 401 2762 &mim
412 2662 490 2708 cum
504 2645 634 2708 salubri
656 2645 846 2708 amicornm
864 2661 1050 2726 persuasus
1067 2643 1220 2720 consilio,
1237 2650 1277 2707 ut
1293 2644 1354 2707 im·

250 2764 395 2803 ‚maceror
412 2743 544 2808 minens
560 2743 750 2808 inhonestae
761 2743 883 2808 mortis
899 2742 1100 2824 periculum,
1112 2742 1264 2808 castellis
1280 2743 1356 2806 red·

249 2813 374 2854 ΜΨ*
413 2843 505 2920 ditis,
521 2843 703 2921 devitaret,
713 2842 807 2924 regis
826 2842 1001 2907 uoluntati
1017 2841 1156 2911 taudem
1176 2842 1355 2920 satisfecit,

412 2941 578 3025 regnique
613 2943 719 3007 totius
758 2961 971 3006 communem
1001 2942 1047 3005 ad
1077 2941 1263 3025 jacturam,
1293 2943 1357 3006 tali

411 3041 514 3106 modo
531 3041 708 3119 liberatus,
725 3041 897 3106 demedio
916 3041 1053 3105 illorum
1076 3043 1199 3106 evasit.
1245 3042 1355 3106 Ferus

369 3165 372 3167 ·
413 3160 574 3223 namquo,
587 3147 623 3205 et
638 3141 868 3218 turbulentus,
881 3159 944 3223 per
958 3140 1155 3223 ‚tyrannidis
1171 3160 1244 3206 suae
1261 3161 1354 3206 com·

411 3243 598 3306 motionem
613 3249 724 3306 totum
738 3241 878 3323 Angliae
892 3260 1035 3322 regnum
1058 3240 1093 3304 in
1108 3240 1355 3317 dissensionem

412 3340 561 3406 validius
583 3341 780 3418 commovit,
795 3341 876 3404 dum
899 3348 935 3405 et
958 3340 1050 3422 regis
1072 3338 1272 3416 adversarii,
1291 3360 1356 3406 au-

411 3439 544 3504 dientes
576 3460 654 3505 eum
683 3442 720 3504 in
754 3459 870 3520 regem
905 3459 1002 3504 arma
1037 3441 1237 3522 sumpsisse,
1268 3442 1357 3506 tanti

413 3539 549 3602 comitis
570 3540 723 3602 roborati
743 3539 920 3619 suffragio,
938 3537 1144 3620 promptius,
1159 3546 1195 3602 et
1209 3539 1354 3606 hilarids

411 3636 457 3700 ad
485 3637 692 3702 discordiam
714 3638 841 3719 ubique
868 3636 1091 3718 ingerendam
1121 3638 1356 3720 convolarent,

412 3744 449 3801 et
469 3739 529 3820 qui
559 3738 651 3820 regis
681 3736 833 3802 fautores
855 3756 931 3800 esse
951 3737 1167 3815 videbantur,
1189 3745 1354 3822 tanquam

412 3836 582 3902 horrendo
597 3838 750 3920 depressi
773 3837 938 3914 tonitruo,
955 3857 1019 3920 pro
1034 3837 1127 3902 illius
1148 3857 1171 3901 a
1192 3858 1275 3922 rege
1289 3841 1356 3905 dis-

412 3938 566 4002 cessione
580 3939 705 4020 magis,
719 3957 761 4001 ac
778 3937 889 4020 magis
906 3936 1183 4004 humiliabantur.

250 4057 399 4108 strueres,
463 4036 643 4102 Galfridus
664 4037 781 4118 igitur,
805 4038 932 4120 ubique
954 4039 988 4101 in
1011 4057 1119 4120 regno
1140 4037 1208 4102 fide
1233 4039 1356 4106 sibiet

246 4109 386 4200 iiiiii?
412 4135 563 4202 hominio
581 4128 770 4220 conjuratis
787 4137 824 4200 in
840 4156 945 4201 unum
968 4157 1083 4202 secum
1106 4157 1252 4201 cuneum
1273 4159 1356 4204 con·

247 4212 343 4258 σθω·
411 4237 557 4315 vocatiS,
575 4237 742 4318 gregarios
762 4256 898 4319 quoque
923 4238 1067 4315 militiae,
1088 4236 1202 4301 sedet
1223 4240 1356 4320 praedo-
