3167 5000
402 473 448 540 26
712 487 825 539 unsri
848 487 1041 551 srnrusru,

404 645 644 712 imbecilliores
670 645 841 710 existere:
876 644 958 727 quia
986 643 1110 726 fragile
1138 662 1265 727 corpus
1294 645 1356 709 ho·

405 746 506 812 minis
531 753 613 812 tuno
632 743 770 810 demdm
789 751 958 810 constans
980 752 1046 822 est,
1073 747 1120 808 et'
1133 745 1353 820 convalmoit,

406 846 544 928 quondo
566 854 700 912 naturae
723 843 906 910 sufficienti
928 851 1145 909 sustentetur
1167 844 1353 909 alimento:

405 944 484 1011 clun
513 945 597 1012 void
624 946 844 1012 imminutum
871 945 987 1020 fuerit,
1013 943 1069 1009 vel
1099 963 1143 1008 ex
1169 951 1245 1009 toto
1270 946 1352 1010 sub·

406 1052 567 1120 tractum,
582 1045 754 1112 infirmum
772 1045 919 1109 habetur
938 1052 974 1108 et
993 1042 1132 1108 omnind
1151 1043 1353 1109 invalidum.

406 1143 589 1210 Continuis
612 1139 730 1227 itaque
751 1144 1039 1210 excubationibus
1059 1143 1153 1208 ultra
1169 1142 1354 1208 humanam

406 1245 601 1327 opinionem
643 1243 773 1320 afflicti,
817 1242 962 1308 diversis
997 1262 1193 1326 pugnarum
1231 1243 1355 1321 modis,

406 1363 493 1426 quos
519 1344 563 1408 de
588 1363 686 1408 muro
713 1343 919 1408 adversariis
940 1341 1145 1420 inferebant,
1173 1362 1283 1424 usque
1309 1343 1354 1407 ad

405 1444 577 1509 deiectum
603 1443 750 1526 fatigati,
777 1442 853 1508 sitis
878 1441 922 1506 ad
953 1449 1145 1506 extremum
1174 1440 1291 1520 nimia,
1321 1451 1357 1508 et

406 1543 614 1608 intolerabili
651 1542 860 1608 arefactione
890 1542 1081 1618 extenuati,
1111 1542 1148 1605 in
1176 1561 1357 1606 commune

406 1643 472 1707 sibi
503 1641 728 1708 consuluere:
757 1642 920 1724 quatinus
944 1641 1111 1706 consultis
1137 1640 1219 1718 illis,
1245 1642 1356 1724 deque

407 1742 572 1820 interiori,
596 1739 666 1825 qud
680 1743 909 1818 vexabantur,
925 1739 1088 1823 angustia
1109 1740 1241 1805 secrete
1255 1743 1357 1806 certi·

408 1841 532 1918 ficatis,
569 1861 715 1924 quorum
751 1841 904 1923 impulsu
934 1840 1127 1904 Baldvinus
1162 1860 1201 1904 se
1236 1849 1359 1906 contra

408 1961 525 2024 regem
549 1948 758 2017 armaverat,
780 1941 841 2022 qui
864 1948 899 2004 et
922 1947 1004 2004 tunc
1029 1959 1108 2004 curn
1131 1959 1213 2022 rege
1239 1939 1358 2005 dolose

409 2040 616 2117 militabant,
647 2040 753 2104 salvis
782 2039 975 2103 hominibus
1011 2038 1190 2104 castellum
1220 2049 1357 2104 contra-

411 2139 542 2205 derent.
589 2140 665 2204 Nec
682 2158 791 2216 mora,
807 2140 940 2203 duobus
955 2139 1063 2202 totius
1084 2139 1217 2204 castelli
1238 2139 1358 2222 primis

411 2247 447 2303 et
461 2239 671 2320 dignioribus
697 2239 741 2303 ad
763 2259 880 2320 regem
902 2237 1081 2319 delegatis,
1097 2239 1156 2320 qui
1170 2245 1206 2303 et
1220 2239 1359 2321 linguas

411 2338 590 2404 venustius
615 2357 750 2415 ornare,
775 2345 811 2402 et
836 2339 943 2402 verba
967 2338 1126 2420 quotiens
1152 2339 1358 2421 expediebat

412 2437 626 2522 prudentiis,
641 2446 676 2503 et
684 2436 841 2504 ornatius
852 2438 1034 2503 immutare
1044 2436 1252 2521 praendrant.
1290 2437 1358 2504 Sed

407 2539 478 2617 ille,
494 2539 611 2603 fratris
626 2540 681 2603 sui
692 2539 940 2604 Wintoniensis
957 2539 1108 2621 episcopi
1122 2539 1266 2603 consilio
1280 2560 1357 2622 per-

408 2657 546 2717 suasae,
561 2638 707 2703 ferream
730 2638 800 2703 illis
823 2638 970 2703 frontem
993 2638 1190 2715 ostendens,
1213 2639 1359 2702 inexau-

409 2737 500 2803 ditos
526 2758 548 2802 a
571 2736 757 2822 praesentia
782 2735 848 2801 sud
872 2758 952 2802 cum
977 2738 1079 2801 minis
1104 2738 1244 2819 abegit:
1277 2739 1360 2820 quia

411 2838 605 2919 episcopus,
627 2836 723 2915 laxit,
743 2843 779 2901 et
797 2835 915 2903 effoeta
936 2856 1055 2901 eorum
1069 2844 1148 2901 cute
1163 2836 1360 2920 conspecti,

412 2937 578 3001 militibus
604 2938 767 3013 remissis,
793 2943 829 3000 et
851 2957 873 3002 a
894 2937 1046 3001 naturali
1072 2956 1176 3001 succo
1191 2939 1360 3014 vacuatis,

412 3034 519 3099 labris
544 3035 707 3119 dispenso
736 3035 834 3099 hiatu
862 3036 1033 3113 retractis,
1050 3034 1176 3101 anher
1207 3056 1267 3101 eos
1302 3038 1362 3117 siti

246 3154 381 3202 anesca
413 3135 571 3200 laborare
600 3133 836 3219 deprehendit,
863 3135 1010 3218 ideoque
1034 3155 1254 3219 nequaquam
1279 3156 1361 3201 con-

247 3204 543 3304 litliffilisultum
568 3255 645 3299 essa
667 3233 908 3319 progrediendi
930 3235 974 3299 de
993 3236 1136 3300 castello
1159 3236 1362 3318 permissum
1392 3321 1394 3325 Ι

247 3304 386 3395 illm
415 3336 465 3399 eis
489 3335 680 3419 indulgere,
694 3335 773 3400 edm
799 3343 913 3399 ratum
941 3343 1034 3399 esset
1058 3336 1094 3398 in
1120 3336 1278 3416 proximo
1301 3355 1363 3400 eos

415 3434 459 3499 ad
481 3442 600 3498 votum
623 3454 736 3511 suum,
765 3453 981 3516 quocumque
1008 3433 1110 3498 modo
1139 3436 1363 3517 exoptabant,

249 3551 295 3590 ris
304 3550 385 3611 „prior
415 3551 584 3597 cessuros.
637 3533 737 3598 Uxor
752 3534 857 3596 etiam
870 3533 1032 3598 Baldvini
1047 3533 1169 3598 duram
1183 3534 1272 3598 hano
1286 3554 1364 3599 suo

247 3602 395 3741 Ξοῖῖιῗῖἑὲξιιῶ
415 3651 491 3697 rum
516 3631 745 3715 repulsionem
766 3651 838 3696 non
858 3632 981 3710 ferens,
997 3634 1090 3698 nuda
1111 3634 1228 3716 pedeS,
1242 3653 1365 3716 sparsa

278 3712 307 3751 ”⁸
344 3712 358 3740 v
396 3727 564 3815 'scapulis
581 3732 703 3810 crineS,
718 3732 837 3813 largos
865 3732 1095 3815 lacrymarum
1120 3729 1247 3798 imbres
1272 3752 1365 3798 eme·

414 3851 513 3909 nens,
546 3832 590 3897 ad
621 3852 738 3915 regem
764 3851 828 3914 pro
853 3833 924 3896 suis
947 3831 1183 3915 supplicatura
1207 3834 1363 3897 accessit.

413 3930 480 3993 Sed
499 3931 558 3995 ille
577 3930 752 3997 humiliter
766 3950 855 4008 eam,
879 3939 914 3996 et
936 3932 1083 4013 benigne
1106 3933 1270 4015 suscepit,
1291 3941 1365 3997 tum

413 4048 476 4110 pro
497 4030 638 4112 pietate,
653 4049 758 4112 quam
777 4030 821 4094 de
838 4032 1045 4108 miserando,
1066 4040 1102 4096 et
1124 4031 1251 4097 afflicto
1273 4051 1361 4097 sexu

413 4128 592 4206 habuerat,
618 4136 692 4193 turn
718 4150 781 4213 pro
813 4131 937 4195 nobilis
967 4131 1118 4196 mulieris
1149 4132 1307 4213 cognatis
1329 4140 1364 4197 et

413 4229 542 4306 amicis,
573 4230 632 4315 qui
662 4249 778 4295 secum
804 4231 851 4295 ibi
876 4231 913 4295 in
941 4232 1119 4296 obsidione
1148 4233 1364 4297 laborabant.
