3167 5000
259 1055 540 1138 GESTA
599 1057 1074 1155 STEPHANI,

432 1298 577 1359 REGIS
610 1297 900 1366 ANGLORUM‚

331 1507 390 1564 ET
422 1505 572 1568 DUCIS
604 1506 1009 1575 NORMANNORUM.

529 1873 640 1922 LIBER
657 1870 804 1921 PRIMUS.

207 2023 364 2113 ,wi-1222?
416 2012 455 2075 Μ
484 2012 563 2076 Rex
591 2012 779 2090 Henricus,
806 2032 876 2094 pax
901 2014 1037 2095 patriae,
1062 2026 1299 2115 gen-lstageorssnr

209 2100 298 2195 Ὺ
312 2114 364 2209 3
403 2112 517 2193 tisque
544 2131 617 2174 suae
646 2121 756 2194 pater,
783 2113 827 2176 ad
857 2119 1014 2176 extrema
1042 2111 1144 2177 deve·

207 2256 214 2285 ,q
238 2202 276 2299 “„s
298 2133 364 2301 gf:
404 2212 514 2286 niens,
527 2212 630 2274 morti
640 2211 791 2276 debitum
803 2212 1022 2289 exsolvisset,
1034 2213 1147 2278 luctu·

206 2340 223 2371 2
244 2286 362 2369 ‘'W‘o
405 2329 504 2372 osum
528 2310 754 2374 infortunium
776 2311 971 2374 universam
994 2311 1145 2393 regionis

192 2411 315 2474 taciem
340 2409 511 2473 turbidam
539 2408 698 2485 reddidit,
729 2416 764 2472 et
787 2410 926 2473 omnino
957 2411 1145 2477 confusam.

196 2510 266 2575 Ubi
284 2528 443 2591 namque,
463 2528 503 2573 eo
518 2516 696 2590 regnante,
712 2509 837 2593 judicii
854 2519 972 2592 caput,
985 2510 1076 2593 juris
1093 2512 1145 2574 in·

194 2617 269 2675 erat
298 2608 527 2687 domicilium
561 2609 621 2685 ibi,
644 2610 763 2672 eodem
794 2618 927 2688 ruente,
950 2610 1144 2692 iniqnitatis

194 2710 306 2791 copia,
334 2708 511 2789 totiusque
543 2707 675 2771 militiae
707 2709 879 2773 succrevit
910 2710 1145 2772 seminarium.

195 2806 324 2890 A'nglia
338 2806 520 2890 siquidem,
532 2806 680 2889 justitiae
697 2805 795 2887 prius
812 2806 922 2884 sedes,
934 2807 1031 2888 pacis
1048 2807 1145 2871 habi·

195 2907 360 2982 taculum,
376 2907 516 2988 pietatis
539 2925 643 2987 apex,
665 2905 843 2987 religionis
860 2906 1049 2988 speculum,
1068 2926 1146 2988 per·

196 3005 371 3071 versitatis
393 3011 516 3088 postea
536 3005 647 3082 locus,
664 3004 888 3069 dissensionis
910 3024 1078 3081 recessus,
1094 3006 1147 3070 in.

195 3104 403 3188 quietudinis
426 3104 620 3186 disciplina,
648 3104 829 3186 omnisque
860 3105 991 3168 rebellii
1023 3104 1147 3170 effecta

195 3213 249 3268 est
271 3204 447 3285 magistra.
494 3202 615 3285 Rupta
646 3202 803 3283 protinus
828 3202 863 3265 in
893 3204 1023 3285 populo
1045 3222 1146 3266 vene·

196 3303 305 3366 randa
326 3309 455 3366 sauctae
477 3302 638 3365 amicitiae
653 3301 806 3375 foedera3
832 3301 1001 3366 dissoluta
1015 3309 1146 3365 mutuae

196 3402 413 3483 cognationis
457 3400 740 3484 conjunctissima
782 3400 943 3481 vincula3
991 3420 1147 3484 quosque

196 3501 338 3566 diutiuae
363 3500 627 3582 tranquillitatis
643 3500 809 3565 vestierat
835 3507 929 3582 toga,
946 3500 1024 3564 illos
1049 3501 1147 3564 belli-

197 3619 258 3666 cus
292 3600 432 3676 stridor,
466 3598 666 3664 Mavortius
700 3599 796 3663 furor
832 3601 974 3664 invasit.
1044 3600 1148 3663 Novo

89 3693 91 3698 ’
198 3700 286 3763 enim
307 3699 453 3781 quisque
479 3700 644 3762 saeviendi
666 3706 786 3781 raptus
805 3717 933 3776 amore,
948 3698 983 3761 in
1002 3698 1148 3761 alterum

198 3797 336 3861 crudele
365 3797 580 3875 debacchari,
605 3806 771 3879 tantoque
801 3816 877 3860 sese
910 3797 1148 3879 gloriosiorem

197 3897 382 3970 aestimare,
416 3905 546 3979 quanto
580 3897 614 3960 in
653 3898 851 3960 innocentes
885 3894 1065 3960 nocentids
1099 3897 1150 3960 in·

198 3996 373 4077 surgebat.
427 3994 531 4077 Legis
549 4015 686 4079 quoque
702 3995 885 4071 institutis,
903 3996 1027 4078 quibus
1044 3996 1149 4061 indis-

199 4094 384 4177 ciplinatus
413 4102 590 4159 coercetur
617 4094 778 4178 populus,
798 4115 841 4157 ex
870 4102 945 4159 toto
972 4094 1151 4176 neglectis,

200 4194 303 4257 immo
333 4201 369 4257 et
395 4193 596 4271 adnullatis,
614 4195 657 4259 ad
681 4214 780 4258 omne
803 4195 962 4260 illicitum
985 4193 1151 4269 effrenati,

982 4309 1002 4355 u

1165 2087 1191 2115 su
1216 2045 1309 2118 mutuli

1158 2128 1182 2167 of
1189 2128 1270 2174 fleury.
