3167 5000
413 461 457 529 ts
724 475 839 523 cnsrn
865 474 1058 534 srnrrrnrvr,

411 633 501 698 sicut
515 651 587 696 suee
609 632 818 697 innitebatur
832 631 951 695 virtuti
977 638 1013 694 et
1037 627 1239 712 prudentias,
1256 631 1307 692 ita
1332 637 1368 694 et

411 735 484 797 suis
509 733 705 814 disponeret
730 731 881 795 consiliis
911 730 1145 813 adquiescere,
1168 730 1263 793 viros
1288 729 1367 793 illos

248 851 400 902 maronam
410 852 480 920 non
504 839 545 896 ut
565 832 768 915 Episcopos,
784 831 846 896 sed
872 838 911 894 ut
936 829 1142 913 episcopalis
1168 835 1366 893 mansuetu·

248 904 403 994 diffinit
411 932 500 996 dinis
525 939 806 1013 transgressores
832 936 1079 1012 suspectosque
1104 929 1201 1011 pacis
1230 948 1302 992 snae
1331 936 1367 992 et

249 1004 388 1043 ‘'vum''
410 1033 509 1113 regni
538 1030 783 1114 tranquillandi
813 1048 1016 1113 pervasores
1054 1030 1217 1112 privatim
1246 1035 1367 1111 captos

411 1131 575 1195 custodiae
605 1132 828 1213 manciparet,
857 1129 966 1193 donec
995 1129 1189 1210 municipiis
1220 1129 1303 1204 suis,
1333 1135 1368 1191 et

412 1250 491 1313 quoe
504 1230 652 1294 Caesaris
668 1237 782 1294 essent
798 1228 929 1293 Caesari
945 1228 1100 1305 redditis,
1110 1248 1132 1292 a
1148 1227 1366 1292 discordandi

412 1331 620 1412 suspicione,
642 1349 748 1413 quam
778 1330 828 1393 eis
855 1329 1086 1411 imputabant,
1114 1335 1150 1393 et
1177 1348 1240 1392 rex
1271 1347 1367 1392 secu·

412 1429 494 1507 rior,
512 1437 548 1494 et
565 1430 660 1512 regio
683 1429 776 1494 illius
799 1435 891 1492 esset
914 1429 1085 1510 pacacior.
1137 1428 1282 1493 Talibus
1304 1447 1366 1491 rex

412 1529 596 1612 perceptis,
618 1548 695 1612 qnae
720 1529 772 1592 illi
802 1528 966 1592 continuo
993 1527 1201 1592 admonendi
1225 1528 1367 1591 stimulo

413 1628 529 1693 invide
553 1629 676 1711 magis,
699 1635 735 1693 et
757 1626 960 1710 suspiciose,
976 1625 1079 1710 quarn
1105 1625 1237 1704 sancte,
1260 1628 1365 1690 etin·

409 1726 506 1809 juste
539 1728 781 1810 suggerebant,
816 1728 852 1791 in
881 1727 1005 1790 mentis
1037 1728 1171 1809 positus
1203 1724 1366 1808 angustia

250 1851 393 1892 meamea
413 1827 598 1908 plurimum
632 1847 748 1891 secum
783 1827 1004 1903 anxiabatur,
1038 1835 1113 1891 turn
1146 1827 1228 1909 quia
1260 1845 1367 1907 grave

248 1901 383 2002 lilillff
415 1935 501 2004 erat,
524 1933 559 1990 et
587 1928 745 1991 illicitum
766 1925 802 1988 in
831 1925 985 1992 ordinem
1009 1927 1257 1990 sacerdotalem
1280 1927 1365 1989 irre·

354 2095 355 2098 ,
415 2033 573 2091 verenter
597 2026 787 2108 insurgere,
806 2033 880 2089 tum
904 2027 987 2108 quia
1009 2027 1219 2090 contrarium
1239 2033 1314 2089 erat
1332 2035 1366 2090 et

414 2125 620 2209 injuriosum
637 2127 761 2190 secreti
780 2125 834 2188 sui
856 2126 1024 2202 conscios,
1043 2132 1078 2190 et
1095 2126 1217 2208 palatii
1238 2127 1368 2207 primos

414 2245 483 2289 non
507 2226 684 2290 exaudire.
735 2224 892 2289 Tandem
920 2232 1037 2289 antem
1064 2223 1263 2308 importuna
1290 2226 1369 2290 illo-

414 2344 491 2388 rum
519 2326 697 2407 petitione,
723 2331 759 2388 et
787 2325 994 2406 impulsione
1027 2325 1171 2403 fractus,
1200 2343 1304 2407 qnam
1336 2326 1368 2389 ei

416 2425 653 2503 continuatim,
682 2431 717 2489 et
744 2426 937 2508 procaciter
969 2424 1202 2501 inculcabant,
1236 2424 1281 2488 ad
1314 2426 1368 2488 sui

416 2524 593 2601 honorem,
615 2533 650 2589 et
672 2526 770 2606 regni
792 2524 1027 2606 quietudinem
1048 2545 1127 2607 quae
1148 2524 1370 2607 postnlbrant

252 2648 367 2697 mern,
416 2625 453 2688 in
472 2624 663 2708 Episcopus
691 2625 904 2689 committere
929 2624 1092 2691 indulsit:
1120 2625 1156 2687 in
1178 2626 1243 2689 hoc
1268 2626 1367 2690 nimi-

252 2702 391 2790 illini&
417 2741 494 2788 rum
516 2725 732 2801 stultissimo,
747 2724 853 2788 immo
876 2732 910 2788 et
931 2724 1054 2789 insano
1077 2723 1233 2789 devictus
1254 2734 1289 2789 et
1307 2727 1369 2788 im-

253 2800 405 2900 iiiiriiissi‘
417 2826 538 2906 pulsus
562 2825 717 2902 consilio,
740 2826 822 2905 qnia
841 2825 871 2887 si
898 2824 1061 2888 indecens
1083 2832 1147 2900 est,
1170 2833 1206 2889 et
1222 2826 1369 2891 vetitum

417 2924 703 3006 qualemcumque
747 2923 920 2988 hominem
963 2923 1145 3000 offendere,
1181 2924 1369 2989 secundum

417 3021 515 3099 illud,
544 3022 668 3101 ‘Quod
698 3022 761 3087 tibi
786 3043 856 3087 non
883 3024 934 3086 vis
960 3022 1047 3099 fieri,
1073 3024 1133 3087 alii
1154 3043 1197 3087 ne
1225 3024 1368 3102 feceris,’

418 3121 528 3187 multo
545 3123 656 3204 magis
672 3130 773 3204 turpe
789 3129 853 3199 est,
862 3129 897 3185 et
910 3123 1204 3199 inconcessum,in
1218 3142 1370 3189 summos

417 3222 508 3286 sacri
542 3222 664 3287 altaris
696 3222 871 3287 ministros
908 3223 1168 3286 irreverentiam
1196 3223 1370 3289 violentiae

417 3340 556 3405 quoquo
584 3322 687 3386 modo
715 3322 889 3385 exhibere.
953 3321 1046 3386 Illud
1076 3323 1167 3386 enim
1202 3342 1305 3404 agere
1334 3326 1370 3388 in

417 3420 594 3484 bominum
611 3429 811 3502 conspectu,
829 3409 994 3502 magnum
1009 3429 1146 3486 constat
1167 3441 1242 3486 esse
1257 3430 1370 3488 trans-

418 3538 592 3602 gressum
624 3520 718 3583 istud
743 3519 827 3583 verb
848 3520 1024 3603 perficere,
1046 3522 1307 3603 praemaximum
1334 3524 1371 3587 in

418 3619 531 3701 ipsum
550 3620 664 3683 Deum
682 3618 830 3695 videtur,
845 3627 880 3684 et
898 3627 952 3685 est
972 3629 1164 3703 peccatum.
1218 3622 1319 3687 Unde
1337 3631 1372 3687 et

419 3718 590 3785 Dominus
619 3738 680 3801 per
710 3718 926 3801 prophetam,
954 3719 1049 3798 ‘Qui
1079 3721 1216 3801 tangit,’
1249 3722 1373 3804 inquit,

418 3822 519 3894 ‘vos,
551 3819 651 3901 quasi
684 3820 744 3901 qui
775 3820 929 3901 tetigerit
960 3820 1127 3902 pupillam
1160 3820 1250 3884 oculi
1284 3822 1373 3890 mei?

420 3917 468 3981 Et
494 3917 531 3980 in
549 3917 752 3999 Evangelio,
769 3918 861 3997 ‘Qui
885 3937 947 3982 vos
972 3920 1114 4001 spernit,
1142 3939 1197 3982 me
1220 3922 1373 4002 spernit?

420 4016 468 4081 Et
495 4036 539 4079 ne
568 4018 816 4099 praesumptiva
844 4018 947 4101 hujus
979 4019 1182 4082 temeritatis
1213 4020 1373 4085 inhones-

422 4115 520 4192 tatio,
536 4116 592 4179 vel
617 4116 802 4180 inhonesta
828 4118 1020 4195 concussio,
1039 4138 1124 4200 erga
1145 4119 1235 4181 sacri
1252 4120 1374 4185 altaris

422 4216 675 4281 comministros
711 4219 994 4294 committeretur,
1026 4219 1076 4281 sic
1109 4237 1169 4283 eos
1199 4238 1261 4301 per
1294 4240 1375 4302 pro-
