3167 5000
514 494 620 546 aneis
647 496 862 545 nuononuu.
1099 483 1164 547 115

210 668 289 715 cum
311 671 364 729 eo,
387 658 423 717 et
445 652 636 717 concordiae
663 653 777 717 foedus
799 654 1066 736 quamcitissime
1095 656 1161 720 ini·

210 752 303 815 bant.
357 750 481 817 Comes
504 752 672 834 siquidem
688 751 833 830 Cestrae,
849 755 909 836 qui
931 756 1068 819 tertiam
1088 755 1160 821 lere
1173 778 1309 823 manarat

210 852 307 934 regni
342 859 476 936 partem
511 854 615 916 armis
654 854 925 934 praevalentibus
960 852 1159 937 occuparat,
1171 834 1302 924 fflssiim

210 951 370 1034 supplex,
386 959 421 1015 et
443 959 643 1016 mansuetus
658 972 775 1035 regem
790 952 911 1031 adivit,
928 954 1158 1019 crudelitatis·
1170 929 1323 1035 ξῖηῗῗω

211 1070 291 1131 que,
322 1057 357 1114 et
383 1051 547 1133 perfidiae,
571 1071 675 1133 quam
697 1052 733 1115 in
756 1072 835 1115 eum
862 1061 992 1135 egerat,
1019 1052 1099 1117 chm
1123 1063 1159 1120 et

210 1168 333 1214 manus
346 1152 383 1214 in
399 1150 617 1215 lincolnensi
634 1152 791 1234 captione
806 1152 843 1215 in
857 1172 984 1234 regem,
1001 1159 1037 1216 et
1049 1154 1159 1218 domi-

211 1270 293 1313 num
316 1250 482 1327 extendit,
498 1259 533 1315 et
556 1251 691 1331 regales
713 1252 948 1333 possessiones
970 1253 1037 1317 sibi
1057 1272 1158 1316 usur-

211 1350 324 1432 pando
343 1338 509 1415 latissime
520 1350 662 1428 invasit,
677 1351 817 1416 tandem
831 1352 1015 1434 poenitens,
1031 1354 1159 1417 veteris

211 1448 382 1527 amicitiae,
408 1456 574 1513 renovato
595 1451 685 1514 inter
707 1468 766 1514 eos
789 1451 930 1528 ioedere,
951 1452 987 1515 in
1009 1453 1158 1533 gratiam

210 1549 345 1614 redivit.
398 1548 442 1613 In
456 1549 573 1613 multis
598 1556 727 1627 autem,
748 1549 851 1615 solito
871 1550 1038 1628 vivacihs‚
1055 1550 1158 1617 solito
1170 1571 1231 1614 sou·
1246 1573 1284 1613 ao

210 1654 246 1717 et
260 1646 407 1726 fidelihs,
421 1650 512 1730 regis
524 1649 614 1713 vires
629 1649 776 1733 adjuvit,
785 1650 869 1731 quia
882 1658 918 1715 et
929 1650 1158 1715 Bedeforden-
1169 1623 1297 1714 &iiiii

211 1767 284 1813 sem
314 1749 501 1827 civitatem,
531 1769 609 1832 quae
632 1749 763 1830 regiam
784 1769 919 1832 semper
949 1757 1158 1832 potestatem
1169 1724 1224 1765 Μ
1282 1781 1285 1785 ·

210 1846 410 1926 infirmaret,
426 1867 504 1912 oum
527 1868 609 1931 rege
630 1847 828 1926 adveniens,
843 1850 986 1913 viriliter
1005 1850 1108 1931 cepit,
1123 1858 1159 1917 et

210 1949 386 2012 obtentam
397 1949 470 2031 regi
485 1948 674 2027 commisit;
697 1955 732 2014 et
743 1949 785 2012 ad
803 1949 1072 2031 perturbandum
1086 1970 1158 2028 eos,

209 2049 321 2129 quise
336 2049 372 2111 in
379 2047 701 2129 Walengefordensi
716 2048 861 2113 castello
875 2056 1088 2130 receperant,
1098 2051 1158 2133 qui

211 2155 246 2210 et
261 2148 387 2231 ubique
409 2148 445 2211 in
466 2167 573 2229 regno
600 2148 834 2224 dissensionis,
861 2156 895 2212 et
913 2148 1006 2225 belli,
1026 2150 1158 2214 semina

209 2250 467 2330 respergebant‚
482 2267 550 2311 non
571 2246 682 2310 solhm
705 2254 899 2329 promptus,
917 2254 952 2311 et
965 2248 1092 2324 alacer,
1107 2249 1156 2311 in·
1169 2271 1259 2311 nean
1266 2270 1321 2310 wa

211 2347 366 2424 sistebat,
383 2347 608 2410 verumetiam
631 2354 802 2410 trecentos
824 2365 942 2409 secum
957 2346 1065 2410 virilis
1080 2367 1156 2429 pec·
1168 2322 1251 2413 iiim
1262 2332 1309 2361 θ’*

211 2445 295 2510 toris
327 2446 459 2529 equites
490 2446 684 2523 comitatus,
714 2445 806 2526 regis
834 2444 946 2523 lateri,
975 2447 1158 2512 continuus

210 2547 516 2624 comes-adhaesit,
539 2564 730 2628 quousque,
759 2552 884 2622 erecto,
907 2545 942 2608 in
972 2556 1158 2628 prospectu

210 2645 511 2727 Walengefonliae,
534 2646 612 2709 miri
631 2645 776 2721 sudoris,
796 2653 831 2709 et
846 2645 981 2709 artificii
1003 2647 1157 2725 castello,

210 2745 330 2810 solitos
356 2766 474 2810 eorum
495 2766 557 2829 per
579 2745 736 2826 regiones
758 2744 933 2809 discursus
955 2745 1157 2828 aliquantis-

211 2865 272 2926 per
294 2845 436 2909 sedavit.
489 2847 535 2909 Et
550 2864 747 2926 quanquam
772 2863 898 2921 comes,
924 2845 1157 2927 redintegrato
1169 2871 1215 2911 rm
1224 2870 1280 2918 narr,
1290 2869 1313 2910 a

211 2944 307 3026 pacis
333 2944 472 3022 foedere,
496 2945 695 3010 commodus
712 2944 755 3022 ei,
771 2944 929 3027 fidusque
951 2944 1158 3028 suffragator
1167 2922 1306 3021 {mii

209 3064 286 3108 esse
301 3045 485 3121 videretur,
503 3052 684 3128 suspectus
701 3045 745 3123 ei,
761 3045 962 3127 cunctisque
985 3047 1082 3128 regni
1101 3047 1157 3110 sui
1167 3021 1315 3122 ’11ιυῖἓέῧῖοί

210 3145 329 3225 primis
353 3144 564 3224 habebatur3
599 3153 674 3209 tum
700 3145 783 3226 quia
805 3144 974 3224 regalium
996 3145 1156 3209 fiscorum

209 3243 374 3320 redditus,
404 3252 439 3308 et
463 3245 616 3320 castella,
645 3263 724 3325 quae
753 3242 920 3307 violenter
945 3245 1156 3326 possederat,

208 3343 350 3406 reddere
376 3343 583 3425 negligebat,
605 3350 680 3407 tum
704 3343 784 3425 quia
810 3342 971 3406 mobilem
995 3342 1093 3420 levis,
1122 3353 1158 3408 et

209 3441 446 3520 inconstantis
453 3443 569 3520 animi,
576 3449 748 3520 naturam,
760 3462 865 3525 quam
875 3441 1013 3527 proprie
1026 3443 1092 3508 sibi
1106 3444 1158 3506 in·

209 3542 311 3606 sitam
326 3562 440 3607 comes
454 3544 614 3619 habebat,
629 3543 817 3619 obsidibus,
829 3543 885 3606 vel
899 3542 1158 3626 fidejussoribus

209 3641 298 3705 datis
310 3641 529 3726 nequaquam
544 3640 709 3707 firmhrat.
750 3641 853 3706 Unde
862 3662 926 3706 nec
934 3662 1008 3719 rex,
1020 3643 1081 3706 sed
1095 3663 1158 3707 nec

206 3741 340 3804 consilii
355 3743 409 3804 sui
434 3742 535 3824 primi
549 3762 654 3823 super
672 3742 739 3804 fide
755 3741 821 3805 viri
843 3739 1062 3822 aliquatenus
1077 3761 1159 3806 con·

242 3914 250 3945 ¹
268 3918 381 3966 William
399 3917 428 3966 ol
440 3918 601 3978 Molmshury
612 3931 672 3978 says
698 3916 805 3984 Oestriae
826 3914 899 3964 tarde
923 3920 950 3965 et
971 3915 1095 3966 inub'liter
1117 3917 1161 3967 ad·

207 3987 311 4050 nothing
338 3988 366 4037 ol
391 3988 457 4050 this3
487 3988 518 4036 he
535 3989 673 4049 intimatos,
697 3987 784 4036 venit!
802 3986 1012 4048 Thetemporary
1022 3988 1162 4036 adherence

207 4058 333 4121 however,
350 4058 405 4107 that
420 4058 463 4107 the
475 4058 537 4106 Earl
553 4057 581 4106 oi
593 4056 673 4106 Ches-
697 4056 726 4105 oi
741 4056 784 4105 the
804 4056 866 4105 Earl
884 4056 913 4104 oi
927 4056 1034 4105 Chester
1051 4062 1077 4106 to
1093 4057 1164 4119 Κίος

207 4131 246 4176 ter
262 4141 318 4178 was
345 4128 391 4177 but
417 4127 559 4178 lukowarm
581 4128 608 4176 in
632 4127 673 4176 his
698 4125 808 4188 Stephen
822 4127 846 4175 is
864 4126 920 4176 also
938 4127 1040 4194 notioed
1057 4127 1163 4188 by'l're·

206 4197 360 4247 attachment
395 4202 421 4246 to
457 4198 500 4247 the
538 4197 672 4248 Countess.
698 4196 907 4260 retribuebat).

207 4267 278 4318 Will.
293 4268 322 4317 ot
334 4267 455 4318 Molmsb.
474 4267 531 4318 757.
566 4266 673 4318 ‘Comes
