3167 5000
512 509 640 557 ‚uncis
667 510 883 561 inomaus.
1140 502 1185 565 99

234 682 326 741 nere,
340 668 375 729 et
390 664 514 729 fortem
529 664 674 743 efficere,
690 666 750 730 sed
769 676 804 731 et
821 668 865 730 ab
881 666 1089 733 adversariis
1113 670 1183 735 for·

235 764 316 828 titer
337 783 484 847 semper,
507 773 543 830 et
572 766 810 848 inexpugnata
834 767 961 832 debent
987 768 1180 836 defendere.
1229 810 1231 814 ·

235 862 398 947 Episcopi
422 871 538 928 autem
565 886 584 930 e
608 867 795 943 contrario,
820 867 1041 949 praedonibus
1071 872 1180 936 eccle-

233 963 362 1027 siarum
390 965 625 1045 possessiones
645 967 784 1048 ubique,
808 972 848 1030 nt
869 966 997 1049 saepibs
1019 972 1180 1052 propala-

233 1068 307 1126 tum
330 1070 396 1141 est,
414 1064 668 1146 diripientibus,
687 1066 747 1129 alii
774 1073 870 1129 metu
893 1067 1030 1131 illorum
1052 1070 1184 1134 inerter.

234 1161 399 1244 depressi,
411 1171 473 1228 ant
484 1166 764 1243 succumbebant,
772 1173 834 1230 aut
846 1165 971 1247 tepide,
979 1173 1014 1230 et
1026 1169 1180 1246 remisse,

231 1264 459 1343 separationis
491 1265 697 1329 sententiam
728 1284 798 1328 non
828 1265 888 1329 din
919 1285 1179 1347 permansuram

232 1362 445 1428 inferebant:
469 1364 540 1441 alii,
563 1364 654 1447 quod
668 1371 795 1429 tamen
813 1384 882 1429 non
900 1373 975 1429 erat
996 1385 1085 1448 opus
1106 1370 1178 1451 epi-

231 1482 426 1544 scoporum,
444 1464 589 1528 castella
605 1482 670 1528 sua
687 1465 786 1541 escis,
809 1471 844 1528 et
860 1484 1033 1528 armornm
1056 1469 1176 1549 copiis,

232 1563 410 1639 militibus,
433 1570 469 1627 et
494 1564 686 1645 sagittariis
715 1563 936 1629 refertissimi
958 1566 1175 1647 supplebant,

231 1662 380 1745 dumque
397 1662 583 1742 maleficos,
593 1682 776 1746 rerumque
796 1665 1105 1729 ecclesiasticarum
1123 1668 1175 1731 di·

230 1769 384 1844 reptores
407 1782 524 1827 arcere
541 1771 757 1844 putarentur,
775 1765 862 1846 ipsis
883 1764 1048 1828 maleficis
1069 1766 1105 1828 in
1122 1768 1175 1831 vi·

230 1864 316 1926 cinis
332 1863 405 1926 suis
431 1862 676 1945 opprimendis,
691 1865 729 1927 in
746 1865 848 1927 rebus
871 1883 989 1927 eornm
1013 1864 1175 1947 diripien-

229 1962 283 2026 dis
304 1962 522 2039 crudeliores,
538 1982 674 2044 semper
696 1972 733 2029 et
756 1963 869 2045 magis
891 1963 1176 2029 immisericordes

228 2062 428 2133 extiterant.
506 2062 581 2146 Ipsi
625 2062 856 2139 nihilominus,
899 2062 967 2144 ipsi
1010 2064 1179 2147 episcopi,

229 2162 319 2244 qnod
336 2162 442 2243 pudet
459 2162 596 2243 quidem
613 2162 738 2239 dicere,
753 2182 821 2226 non
839 2169 954 2226 tamen
971 2181 1100 2240 omnes,
1114 2166 1175 2229 sed

229 2261 368 2345 plurimi
385 2280 431 2325 ex
447 2262 616 2338 omnibns,
638 2262 728 2326 ferro
752 2262 909 2338 accincti,
924 2263 1028 2325 armis
1051 2262 1176 2328 decen-

228 2361 359 2425 tissime
381 2361 554 2437 instructi,
582 2380 660 2424 cum
689 2362 812 2443 patriae
836 2360 1095 2443 perversoribus
1117 2382 1177 2426 su-

228 2461 438 2543 perbissimis
462 2458 577 2524 invehi
594 2459 846 2543 equis,.praedae
871 2460 1085 2543 participari3
1109 2463 1169 2526 mi·

226 2562 305 2628 lites
320 2559 444 2626 bellicd
460 2568 554 2625 sorte
569 2560 790 2643 interceptos,
803 2561 858 2624 rel
873 2561 1089 2643 pecuniosos,
1096 2563 1174 2644 qni·

228 2663 441 2744 bnsoumque
468 2667 698 2738 occurrerent,
715 2661 873 2737 vinculis,
899 2668 936 2724 et
963 2661 1174 2725 cruciatibus

228 2781 417 2844 exponere3
452 2767 487 2825 et
511 2762 592 2825 dum
621 2761 688 2842 ipsi
717 2761 806 2825 tanti
836 2760 988 2838 sceleris,
1016 2761 1173 2843 tantique

229 2861 353 2942 flagitii
373 2867 478 2943 caput
497 2867 623 2936 essent,
642 2868 677 2924 et
696 2879 816 2937 causa,
834 2879 904 2924 non
923 2860 989 2923 sibi
1005 2860 1174 2939 solebant,

227 2961 288 3024 sed
318 2962 390 3024 suis
412 2960 577 3025 militibus
598 2966 736 3024 tantum
769 2959 867 3024 nefas
893 2960 1074 3024 ascribere.
1127 2961 1174 3026 Et

227 3068 267 3126 ut
287 3061 330 3125 de
356 3061 478 3126 ceteris
503 3060 812 3142 impraesentiarum
839 3068 973 3140 taceam
994 3058 1174 3146 (indecens

227 3171 376 3244 namque
407 3168 461 3224 est
491 3179 608 3227 omnes
640 3161 771 3241 pariter
804 3155 964 3242 carpere)
993 3159 1175 3240 episcopos

227 3261 430 3336 Wintoniae,
461 3258 660 3335 Lincolniae,
689 3264 724 3322 ot
758 3257 914 3335 Cestriae,
947 3264 1056 3321 tantae
1087 3259 1172 3322 irre·

225 3361 362 3441 ligionis
388 3359 524 3435 studiis,
547 3358 671 3422 ceteris
702 3357 853 3435 enixius,
873 3357 1048 3436 inventos,
1079 3353 1173 3422 fama
1208 3398 1213 3405 ·

224 3459 362 3542 publice
378 3459 606 3522 declamabat.
1019 3527 1023 3532 ,

268 3559 399 3624 Verum
434 3558 593 3640 quamvis
624 3555 876 3621 ecclesiasticus
905 3555 1013 3638 rigor,
1042 3556 1172 3621 scelere

224 3660 363 3740 ubique,
398 3665 434 3723 et
468 3658 659 3741 inquietate
684 3656 907 3737 praevalente,
937 3657 1100 3732 inflexus,
1132 3663 1172 3720 ut

224 3759 439 3842 praemissum
465 3765 530 3834 est,
553 3756 742 3830 vacillavit,
765 3761 973 3818 nontamen
993 3755 1171 3818 Robertus
1185 3778 1269 3827 noan,

226 3855 490 3924 Herefor'densis
512 3855 670 3930 antistes,
691 3853 745 3916 vir
774 3852 843 3932 piae
870 3851 1059 3933 religionis,
1079 3872 1171 3916 sum·
1184 3829 1297 3926 diffidis

223 3977 358 4040 maeque
380 3954 596 4030 constantiae,
614 3972 636 4016 a
661 3959 755 4016 statu
778 3951 968 4032 religionis,
988 3971 1010 4016 a
1033 3928 1327 4027 tramitolllffillc'l

219 4058 368 4142 justitiae
385 4053 606 4130 exorbitavit,
629 4053 687 4117 sed
708 4051 814 4115 armis
833 4051 1171 4134 assumptis-quibus
1182 4028 1280 4067 ΝΜ

222 4153 415 4240 Apostolus
441 4153 680 4234 evangelicum
703 4151 875 4216 bominem
895 4151 1031 4216 curiose
1047 4159 1171 4229 armat,

146 4272 150 4278 ’
183 4343 188 4356 Ι
222 4266 257 4324 et
278 4255 423 4322 sollicite
445 4254 592 4331 instruit,
613 4252 757 4318 viriliter
780 4271 819 4315 se
840 4259 960 4316 contra
983 4251 1173 4325 Catholicae

1022 4351 1067 4395 ab
