3167 5000
519 480 626 528 nucis
653 479 867 528 nucuoauu.
1128 466 1175 530 45

216 636 276 701 alii
299 637 477 718 graviores
497 637 629 701 infinite
652 637 893 714 succedebant,
908 645 943 701 et
958 636 1002 701 ad
1018 638 1173 719 singulos

216 736 428 805 sufferendos
446 744 486 801 ut
500 738 588 801 alter
602 738 745 803 Alcides
766 737 893 800 invicte
916 756 954 802 se
975 757 1123 821 semper,
1138 748 1174 804 et

216 837 351 901 sortiter
388 838 600 918 accingebat.
676 837 763 919 Legi
800 837 1021 902 multimodas
1059 838 1173 904 Saulis

217 956 364 1019 pugnas,
387 944 423 1001 et
441 937 589 1013 labores,
605 937 751 1001 aliorum
766 957 905 1019 quoque
927 958 1048 1019 regum
1073 939 1171 1001 innu-

218 1056 331 1100 meros
357 1037 546 1113 conflictus,
567 1044 602 1099 et
621 1037 786 1100 sudores:
815 1036 877 1099 sed
901 1057 1053 1101 onerosae
1079 1038 1172 1102 illins

219 1137 409 1218 gravedini,
442 1136 654 1200 multimodis
677 1137 789 1212 bellis,
814 1143 849 1199 et
876 1137 1022 1213 insidiis,
1042 1137 1099 1201 vel
1128 1140 1173 1200 ab

219 1237 297 1300 aliis
327 1238 510 1318 perpessis
534 1236 593 1300 vel
621 1255 643 1298 a
656 1253 708 1302 ,se
739 1236 817 1299 aliis
842 1235 960 1312 illatis,
986 1238 1173 1301 innumeris

219 1337 323 1399 etiam
349 1337 530 1418 angustiis,
554 1336 611 1400 vel
635 1334 678 1398 de
705 1355 847 1399 suorum
876 1356 1013 1413 occasu,
1043 1337 1099 1401 vel
1131 1336 1174 1401 de

220 1436 454 1500 accidentibus
473 1435 679 1511 infortuniis,
695 1455 758 1499 nec
773 1437 996 1517 comparandi
1011 1437 1150 1519 quidem
1164 1457 1173 1517 3

220 1536 303 1616 quia
323 1537 412 1599 tanti
426 1535 575 1611 fuerunt,
590 1542 731 1617 tamque
745 1535 907 1616 stupendi
920 1536 1013 1599 illius
1028 1536 1177 1613 labores,

221 1641 260 1697 nt
287 1634 446 1698 horrendi
475 1634 641 1716 profectd,
665 1643 700 1698 et
728 1634 945 1698 incredibiles
982 1636 1176 1716 legentibus

221 1734 412 1799 videantur.
466 1733 554 1815 Legi
576 1742 610 1798 et
632 1734 798 1816 plurimas
818 1733 1090 1798 Machabeorum
1113 1756 1177 1817 pro

223 1835 343 1916 patriae
370 1836 484 1916 quiete
514 1831 740 1897 restauranda
768 1834 1032 1916 inquietudines,
1059 1835 1177 1900 audivi
1228 1836 1231 1842 '

223 1941 258 1996 et
293 1933 398 1997 miras
427 1932 622 1998 Alexandri
660 1940 780 1996 contra
810 1941 993 1997 extraneos
1023 1933 1176 1999 decerta-

223 2033 346 2109 tioneS,
361 2033 507 2097 aliorum
522 2053 659 2115 quoquc
684 2052 806 2114 regum
830 2054 893 2116 pro
916 2032 1071 2097 tutandis
1096 2036 1177 2098 sub-

220 2132 324 2217 jectis
350 2133 537 2196 certamina
552 2134 661 2209 varia,
677 2139 712 2196 et
738 2131 951 2209 afflictiones,
974 2133 1037 2197 sed
1062 2134 1178 2198 multi·

224 2232 384 2314 pliciores
406 2233 499 2313 regis
514 2231 690 2314 Stephani,
707 2240 743 2296 et
756 2232 865 2296 multo
888 2234 1065 2314 graviores
1082 2235 1179 2298 inve-

225 2332 298 2396 nies
328 2332 577 2408 tribulationes„
593 2339 628 2396 et
657 2352 799 2413 agones,
829 2340 865 2395 et
892 2332 989 2396 tanto
1019 2332 1180 2398 nimirum

226 2432 451 2508 molestiores,
477 2431 606 2514 quanto
634 2450 656 2494 a
682 2432 909 2498 familiaribus
932 2433 1179 2516 compatriotis,

226 2540 262 2596 et
283 2551 306 2595 a
330 2532 413 2609 suis,
428 2532 561 2613 sibique
581 2533 769 2616 conjuratis
791 2533 1036 2597 inferebantur.
1088 2533 1182 2612 Quia

227 2633 318 2695 enim
339 2633 539 2708 amicorum,
554 2639 589 2696 et
602 2633 820 2714 popularium
846 2634 972 2713 aegrior
986 2633 1074 2696 solet
1093 2652 1181 2710 esse,

227 2739 273 2796 et·
299 2731 454 2797 acerbior
482 2732 686 2813 persecutio,
727 2738 875 2795 testatur
904 2732 1085 2809 Dominus,
1122 2735 1182 2814 qui

228 2833 339 2914 magis
369 2831 413 2895 de
443 2831 504 2894 illo
534 2829 639 2913 quam
675 2829 718 2893 de
748 2831 826 2894 aliis
862 2832 1092 2914 conqueritur,
1123 2833 1182 2914 qui

228 2931 353 2996 edebat
367 2950 474 3013 panes
497 2949 589 3007 snos,
606 2936 641 2993 et
654 2938 771 2994 tamen
792 2932 924 2995 levavit
938 2931 1122 2995 adversum
1144 2952 1182 2995 se

229 3032 429 3095 calcaneum
455 3049 567 3093 suum.
619 3030 714 3095 Hinc
730 3037 765 3094 et
778 3031 871 3094 idem
885 3030 979 3108 alibi,
996 3037 1006 3065 ‘
1023 3030 1183 3107 Inimici,’

229 3131 351 3213 inquit,
382 3130 551 3194 ‘hominis
580 3129 758 3194 domestici
787 3130 888 3215 ejus.’
955 3130 1042 3193 Inde
1079 3132 1183 3195 etiam

229 3228 454 3312 philosophus
476 3230 629 3310 quidam,
645 3229 800 3305 ‘Nulla'
822 3230 945 3311 inquit,
960 3229 1090 3310 ‘pestis
1113 3229 1183 3293 effi-

229 3330 355 3404 cacior,
368 3326 473 3410 quam
487 3326 667 3391 familiaris
681 3328 863 3392 inimicus.'
909 3327 1041 3391 Audiat
1054 3327 1184 3411 itaque,

228 3435 266 3492 et
292 3427 484 3510 appositam
510 3426 688 3491 historiam
713 3426 849 3509 plenius
872 3427 1014 3504 ediscat,
1037 3429 1097 3510 qui
1121 3431 1184 3493 mi-

231 3527 341 3593 randa
354 3528 470 3607 legere
486 3533 521 3590 et
534 3525 636 3590 ndsse
652 3526 835 3591 desiderat.

283 3626 415 3692 Milites
438 3626 567 3707 itaque,
593 3646 681 3708 quos
706 3646 767 3689 rex
795 3627 831 3689 in
857 3627 1015 3691 Battensi
1043 3629 1185 3692 civitate
1196 3653 1326 3693 enimet»

229 3726 277 3791 ad
293 3727 507 3791 Bristoenses
530 3724 783 3809 impugnandos
809 3726 1006 3808 reliquerat,
1025 3733 1183 3790 constan·
1196 3704 1324 3803 iiffiilssi

233 3834 287 3891 ter
308 3846 358 3903 se,
379 3833 415 3890 et
443 3824 581 3889 strenue
613 3827 798 3900 continere,
828 3843 944 3887 muros
973 3832 1009 3888 et
1037 3844 1184 3906 aggeres
1196 3805 1266 3893 ‘ild'
1278 3808 1301 3843 ⁸‘

233 3927 327 3991 omni
348 3924 528 3989 resistendi
546 3924 691 3989 artificio
705 3922 1022 4005 inexpugnabiliter
1036 3925 1184 4003 firmare,

234 4047 295 4110 per
318 4026 469 4089 alternas
484 4025 624 4105 vigilias
638 4023 747 4087 noctis
763 4024 945 4087 conticinia
959 4044 1037 4088 cum
1052 4034 1185 4090 armato

230 4126 342 4190 'milite
368 4126 459 4189 circa
482 4144 599 4188 muros
623 4123 830 4209 expendere,
853 4124 1058 4206 quandoque
1087 4131 1123 4188 et
1150 4126 1187 4188 in

235 4227 311 4310 ipso
322 4226 432 4291 noctis
447 4225 594 4301 silentio,
601 4243 716 4289 muros
731 4224 1040 4307 egressi,congruis
1054 4226 1090 4289 in
1101 4224 1187 4288 locis
