3167 5000
412 470 456 533 72
542 522 545 529 i
724 484 840 535 cussa
860 485 1056 547 surenam,

413 648 532 705 notam
549 640 755 713 offensarum
774 660 914 705 suarum
932 641 1067 705 vindice
1085 640 1161 705 Deo
1174 639 1364 720 accidisse3

413 759 476 804 nec
505 746 621 804 tamen
649 759 709 804 eos
739 742 892 804 criminis
921 740 1139 822 praemaximi
1165 737 1271 804 fuisse
1299 740 1363 802 im-

414 859 545 917 munes),
562 840 622 923 qui
646 838 749 922 rupta
776 840 855 916 fide,
882 848 1001 922 spreto
1022 840 1234 924 juramento,
1266 839 1364 902 nihili

414 958 522 1020 penso
555 938 647 1021 quod
680 940 746 1002 sibi
775 940 980 1021 pepigerant
1007 939 1171 1016 hominio,
1200 939 1236 1002 in
1271 957 1363 1016 eum,

414 1057 516 1119 quem
541 1038 607 1102 sihi
629 1057 758 1119 regem,
775 1046 810 1103 et
828 1038 1003 1102 dominum
1026 1037 1217 1121 spontanee
1240 1038 1364 1121 praet'e·

414 1143 544 1214 oerant,
571 1145 643 1203 tam
672 1136 745 1201 dire
780 1145 922 1220 tamque
952 1137 1121 1202 scelerata
1154 1138 1362 1201 insurrexis-

414 1243 504 1313 sent,
521 1236 620 1303 tanta
637 1256 756 1300 omnes
775 1229 931 1319 pietatis,
949 1244 985 1301 et
1002 1237 1251 1319 compassionis
1270 1245 1362 1301 tene-

413 1336 564 1399 ritudine
578 1336 838 1416 frangebantur,
856 1343 980 1400 utnon
997 1335 1109 1400 solhm
1127 1337 1162 1399 in
1178 1336 1363 1419 lacrymas,

415 1441 450 1499 et
473 1434 639 1520 ejulatum
658 1454 777 1499 omnes
804 1444 1078 1517 prorumperent,
1099 1436 1160 1498 sed
1182 1442 1217 1499 et
1237 1435 1363 1511 cordis,

416 1540 451 1598 et
468 1535 536 1598 oris
552 1535 766 1616 poenitudine
780 1534 1036 1617 quammaxime
1054 1532 1297 1599 afficerentur!

247 1647 294 1689 rh
247 1651 396 1748 semeio?
468 1633 592 1698 Comes
609 1633 727 1717 itaque
745 1631 974 1697 Glaoruensis
988 1653 1103 1716 regem
1120 1654 1238 1698 secum
1253 1633 1362 1697 addu-

247 1710 352 1791 etima
353 1751 509 1810 enecans,
530 1732 641 1796 sorori
667 1751 741 1795 suae
768 1733 955 1797 comitissae
973 1731 1227 1815 Andagaviae
1216 1754 1253 1796 1n
1280 1732 1363 1797 Gla-

247 1800 395 1892 praepare,
416 1830 514 1896 ornia
530 1832 667 1909 obtulit,
683 1833 925 1914 communique
945 1832 1026 1895 inde
1051 1833 1227 1897 consilio'
1218 1852 1253 1895 m
1275 1833 1363 1897 turri

247 1898 372 2039 {upupam
416 1930 608 1995 Bristoensi
639 1950 750 2014 usque
784 1931 829 1995 ad
868 1939 1060 1995 extremum
1097 1932 1179 1996 vitre
1216 1931 1360 1996 halitum

278 2009 357 2042 Μ’
415 2031 658 2095 reservandum
683 2030 851 2094 custodiis
866 2030 1028 2094 adhibitis
1046 2032 1224 2145 reposuit:
1250 2049 1364 2095 caecus

414 2130 450 2192 in
478 2129 556 2206 hoc,
573 2138 608 2194 et
626 2130 694 2193 Dei
711 2130 834 2193 secreti
859 2149 904 2193 ex
932 2136 1009 2193 toto
1031 2130 1242 2208 nescius„in
1260 2130 1361 2215 cujus

413 2247 532 2307 manu,
549 2237 590 2292 ut
611 2230 777 2311 scriptum
803 2236 869 2306 est,
891 2230 1088 2294 continetur
1117 2248 1177 2293 cor
1203 2230 1309 2309 regis,
1326 2237 1362 2293 et

412 2347 631 2411 quocumque
649 2328 796 2392 voluerit
813 2334 925 2393 vertet
939 2328 1025 2391 illud
1040 2353 1049 2402 ;
1074 2328 1135 2411 qui
1151 2327 1229 2391 ideo
1245 2348 1360 2410 regem

413 2428 457 2491 ad
489 2435 625 2511 tempus
657 2427 829 2505 humiliat,
857 2434 897 2491 ut
927 2425 1111 2510 gloriosius
1141 2428 1360 2510 postmodum

411 2534 447 2592 et
463 2526 641 2610 potentius
667 2529 813 2593 exaltet.
863 2526 935 2606 Qui
958 2529 1048 2591 enim
1075 2547 1191 2608 regem
1212 2528 1361 2611 Babylo

410 2627 525 2692 uicum
564 2627 713 2709 superba
745 2646 795 2704 se,
834 2633 870 2691 et
899 2633 1102 2708 arroganter
1137 2626 1360 2691 extollentem

392 2746 521 2809 usque
543 2727 587 2790 ad
609 2726 787 2791 bestialem
814 2725 960 2790 sormam
987 2725 1201 2789 infirmatum
1222 2727 1362 2809 depres-

410 2826 468 2902 sit,
486 2833 525 2890 ut
543 2826 734 2908 peripsam
753 2825 1009 2908 depressionem
1026 2844 1143 2903 seusu,
1165 2831 1202 2890 et
1218 2826 1361 2890 meliore

410 2925 444 2986 in
476 2924 589 2989 Deum
613 2925 811 3006 cognitione
842 2922 995 3006 recepta,
1028 2923 1134 2988 altihs
1165 2931 1290 3007 postea
1325 2931 1361 2988 et

411 3021 588 3105 acceptihs
614 3024 769 3104 levaret;
795 3022 867 3102 Qui
883 3023 987 3087 etiam
1016 3043 1132 3105 regem
1157 3023 1273 3088 David
1299 3044 1361 3107 per

411 3122 471 3186 lilii
497 3123 759 3187 insectationem
792 3122 871 3187 ideo
900 3130 1043 3205 propter
1069 3129 1214 3219 peccata
1245 3143 1311 3188 sua
1337 3142 1360 3187 a

410 3223 492 3286 sede
524 3222 633 3304 regali
666 3223 814 3304 turpiter
848 3221 1028 3304 effugavit,
1062 3242 1192 3305 perque
1222 3221 1360 3287 diversa

410 3321 558 3386 latibula
575 3320 714 3386 viliter²
731 3329 766 3386 et
786 3321 955 3387 inhonore
980 3321 1174 3386 discursare
1191 3323 1360 3404 permisit,

410 3429 449 3484 ut
475 3419 682 3484 ominentihs
703 3420 856 3502 perinde,
873 3428 909 3485 et
931 3419 1123 3485 mirabilihs
1149 3421 1193 3485 ad
1216 3441 1360 3504 reguum

409 3518 588 3582 induceret
604 3539 613 3597 ;
639 3520 721 3601 lpse
748 3520 839 3583 idem
854 3527 989 3584 secreto
1005 3520 1078 3596 illo,
1095 3541 1165 3604 quo
1180 3520 1266 3585 nihil
1285 3522 1360 3603 agit

411 3618 486 3682 sine
509 3615 629 3694 causa,
654 3618 813 3695 consilio,
831 3637 945 3701 regem
972 3619 1186 3702 Stephanum
1215 3619 1258 3682 ad
1287 3640 1361 3684 mo·

410 3724 566 3784 mentum
583 3718 694 3783 voluit
709 3717 825 3802 dejici,
836 3726 876 3784 ut
893 3717 1066 3783 excelsius
1081 3727 1202 3801 postea
1218 3726 1255 3783 et
1269 3720 1361 3783 miri-

445 3966 522 4016 ¹For
536 3968 640 4016 another
657 3973 765 4017 account
780 3967 810 4016 of
828 3968 871 4017 the
895 3967 1047 4027 Wendover,
1073 3967 1101 4016 ii.
1120 3970 1178 4016 Μ.
1208 3981 1268 4019 Μ).
1281 3972 1363 4025 11403

409 4038 487 4086 battle
509 4035 539 4084 of
558 4037 671 4099 Lincoln,
688 4051 731 4086 see
753 4038 823 4086 Will.
845 4038 875 4085 of
895 4037 1020 4086 Chronica
1028 4037 1362 4102 Normanu.‚Huutingdon.

410 4108 530 4156 Malmsb.
548 4110 614 4166 ⁷³93
650 4107 720 4156 Will.
745 4107 870 4169 Neubrig.
895 4111 952 4156 sal.

408 4179 426 4226 i.
445 4181 518 4236 c.8;
557 4177 617 4226 Nic.
637 4176 732 4238 Trivet,
753 4176 821 4227 Anu.
844 4192 870 4238 p.

411 4249 449 4296 12.
483 4246 563 4294 houd.
588 4249 670 4306 18453
725 4247 810 4308 Roget
839 4246 871 4295 de
931 4243 1334 4298 'Duchesnereads‘virilitea'
