3167 5000
404 478 470 543 126
716 490 831 541 cnsrn
857 491 1050 551 srnrrrnur,

242 649 477 719 aeternandum
492 670 529 714 se
544 650 700 732 protinus
718 649 875 725 contulit,
890 667 1079 730 pacemque
1098 646 1209 729 regui,
1225 646 1355 730 quanto

241 732 257 761 ⁰
284 722 292 761 ¹
406 750 520 831 potnit
534 751 622 827 nisu,
637 750 854 833 perturbans,
866 748 958 812 vires
975 748 1067 829 regis
1083 745 1237 829 persaepe
1251 748 1354 813 infre-

243 849 469 959 ppffipgorgit
521 849 636 933 Cujus
655 849 798 913 castella
819 848 898 913 clun
921 847 1137 912 Gislebertus
1153 867 1270 911 comes
1292 868 1353 931 pa·

242 968 396 1008 antemna
407 956 505 1013 tinus
519 968 602 1013 suus
618 969 640 1013 a
653 969 736 1031 rege
751 945 953 1031 postularet,
968 947 1114 1029 sibique,
1125 946 1205 1029 jure
1219 948 1353 1011 heredi-

243 1020 281 1109 lli
289 1018 387 1108 expe„
407 1050 508 1126 tario,
521 1056 715 1131 competere
730 1056 912 1125 astrueret,
927 1066 991 1110 nec
1004 1048 1079 1129 regi
1094 1047 1287 1111 consultum
1301 1048 1353 1111 io-

407 1155 461 1212 ret
485 1157 525 1212 ut
543 1150 582 1212 in
599 1146 665 1213 hac
685 1150 717 1212 ei
738 1149 903 1231 petitione
926 1145 991 1211 hbe
1005 1148 1082 1210 vice
1104 1147 1354 1228 adquiesceret,

406 1248 628 1312 inexauditus
644 1268 665 1311 a
679 1248 774 1329 regis
791 1267 829 1311 se
844 1244 1040 1329 praesentiri,
1056 1253 1092 1310 et
1108 1265 1131 1309 a
1153 1248 1257 1310 curiae
1272 1267 1354 1311 con*

234 1360 368 1413 'rumina
407 1355 528 1428 spectu
542 1347 688 1412 latenter
710 1347 905 1425 subtraxit3
928 1346 994 1408 hoc
1016 1340 1131 1409 auimo
1150 1366 1354 1428 proponens,

244 1419 287 1457 and
299 1418 370 1457 leave·

243 1468 388 1516 saoconna
406 1454 448 1510 ut
472 1466 494 1510 a
519 1466 603 1528 rege
628 1466 673 1511 ex
702 1453 778 1511 toto
803 1446 1005 1521 discederet,
1031 1445 1256 1527 firmatisque,
1276 1466 1354 1528 quae

241 1517 388 1608 libili?
388 1517 397 1556 ¹
407 1545 555 1627 plurima
583 1548 619 1610 in
647 1544 708 1610 illa
736 1546 835 1628 regni
863 1552 961 1627 parte
986 1543 1166 1622 habuerat,
1192 1546 1354 1624 castellis,

407 1666 485 1709 eum
500 1647 625 1709 comite
640 1645 797 1721 Cestriae,
810 1644 955 1728 aliisque
969 1645 1061 1725 regis
1076 1644 1282 1709 adversariis
1291 1665 1354 1709 un-

284 1808 287 1813 ,
408 1744 511 1827 dique
525 1746 562 1809 in
581 1766 659 1809 enm
677 1746 892 1826 insurgeret:
916 1744 1079 1827 quodque
1098 1744 1208 1827 juste,
1227 1751 1268 1808 ut
1288 1746 1355 1809 sibi

266 1892 270 1900 ‚
388 1844 599 1923 uidebatur,
622 1845 799 1929 possidere
821 1863 891 1906 non
919 1850 1066 1926 poterat,
1090 1845 1194 1907 armis
1218 1863 1354 1926 praeva-

244 1959 295 2049 sp:⁸
296 1957 394 2049 5¹1an
406 1941 555 2009 lentibus
574 1945 713 2009 tandem
732 1943 911 2008 obtineret.
962 1943 1030 2007 Sed
1051 1963 1127 2019 rex,
1143 1950 1182 2006 ut
1202 1943 1357 2007 animad-

222 2021 258 2075 ·⁹
407 2044 513 2109 vertit
537 2043 770 2109 Gislebertum
796 2042 839 2107 de
862 2040 959 2107 curib
980 2062 1018 2106 se
1043 2042 1171 2107 furtive
1193 2045 1354 2107 subtrax-

407 2142 486 2219 isse,
514 2144 619 2226 idque
648 2144 867 2207 manifestum
895 2149 997 2219 esset,
1023 2141 1128 2225 quod,
1150 2150 1189 2206 ut
1217 2143 1293 2219 sibi,
1321 2151 1356 2207 et

407 2260 515 2323 regno
529 2244 783 2320 adversaretur,
794 2242 1027 2319 abscessisset,
1040 2241 1199 2306 credulus
1213 2261 1355 2323 persua·

408 2342 581 2419 dentibus
596 2342 746 2407 maxime
763 2343 846 2424 quia
859 2340 956 2425 prius
978 2342 1010 2406 ei
1031 2337 1355 2424 suspectus'firerat,

407 2441 569 2508 universa
583 2444 699 2508 statim
714 2440 886 2508 concitati
900 2439 1035 2518 militia,
1051 2441 1283 2507 Gislebertnm
1298 2462 1355 2505 ur-

408 2549 529 2622 genter
553 2544 618 2607 fuit
641 2545 828 2608 insecutus.
880 2543 949 2607 ‘Et
972 2541 1356 2626 injurib,'inq11it,‘cui

408 2648 473 2718 tot,
489 2650 524 2706 et
546 2649 661 2707 tantas
683 2662 797 2706 rerum
817 2643 1010 2725 opulentias
1030 2643 1173 2720 contuli,
1188 2662 1290 2724 quem
1310 2662 1355 2705 ex

408 2761 561 2824 paupere
581 2743 689 2807 milite
705 2749 919 2824 assumptum
939 2742 984 2805 ad
1006 2740 1206 2806 consulattis
1224 2743 1356 2824 apicem

410 2840 597 2908 honorifice
620 2843 777 2925 provexi,
802 2843 858 2905 eui
887 2842 1076 2924 praelargus
1101 2843 1356 2924 possessionum

409 2941 613 3020 affluentias,
632 2949 736 3024 prout
749 2943 824 3024 ipse
847 2943 961 3006 animo
981 2948 1197 3024 conceperat,
1217 2943 1355 3019 totiens,

409 3048 445 3104 et
468 3042 597 3105 totiens
618 3041 781 3124 impendi,
797 3060 888 3104 nunc
911 3060 1008 3104 arma
1028 3048 1102 3104 tam
1120 3041 1246 3120 subite,
1267 3049 1356 3105 tanr-

410 3159 476 3222 que
498 3141 748 3206 inconsiderate
771 3159 957 3218 assumere,
979 3160 1070 3204 nunc
1094 3148 1211 3223 partes
1233 3142 1356 3206 adver-

409 3241 578 3304 sariorum
604 3249 725 3306 contra
751 3260 806 3304 me
829 3241 938 3305 adniti
963 3240 1111 3305 videtur.
1164 3241 1235 3305 Ubi
1258 3239 1356 3318 fides,

410 3341 469 3403 ubi
481 3341 606 3422 pudor,
621 3342 680 3406 ubi
694 3341 764 3417 ille,
781 3341 841 3423 qui
856 3348 891 3404 et
905 3340 1008 3404 fidem
1022 3340 1105 3404 mihi
1119 3341 1357 3405 inconcussam

314 3471 316 3476 v
409 3459 561 3517 servare,
597 3448 633 3504 et
666 3440 844 3504 dedecoris
863 3430 994 3504 ¹notam
1029 3448 1189 3523 reputare
1219 3442 1358 3505 deberet

411 3540 455 3601 ab
479 3558 595 3603 amore
621 3559 698 3602 meo
720 3539 844 3620 quovis
861 3539 1066 3603 deflecteret
1090 3541 1151 3620 qui
1170 3561 1233 3604 nec
1255 3541 1358 3604 fidem

410 3657 495 3720 erga
527 3658 582 3702 me
617 3638 830 3720 singularem
860 3639 937 3715 sibi,
968 3645 1004 3703 et
1038 3638 1151 3704 solum
1182 3640 1358 3703 dominum

408 3739 538 3815 servat,
555 3760 617 3804 nec
634 3739 785 3802 iniamiae
805 3739 953 3820 publicae
970 3741 1140 3816 ruborem,
1156 3739 1230 3803 haec
1251 3760 1357 3822 agen·

411 3839 467 3916 do,
484 3839 702 3922 aliquatenus
722 3838 877 3904 devitat?
905 3838 966 3902 sed
984 3838 1060 3923 jam
1079 3839 1286 3920 fugitantem
1307 3841 1359 3902 in-

409 3938 559 4003 stantius
582 3958 778 4022 urgeamus,
806 3958 993 4021 omnesque
1015 3946 1159 4003 conatus
1180 3939 1273 4002 illius
1294 3936 1359 4002 imss

409 4045 551 4121 paratos
590 4040 783 4116 reddentes,
823 4039 986 4121 quicquid
1018 4038 1055 4101 in
1086 4058 1149 4104 nos
1176 4038 1360 4103 adversum

409 4139 587 4216 struxerit,
606 4137 799 4204 accelerata
821 4140 857 4203 in
879 4159 958 4203 eum
982 4140 1220 4221 persecutione
1246 4158 1359 4204 casse·

408 4238 506 4302 mus.'
