3167 5000
404 490 449 553 66
715 501 830 549 ensrn
853 499 1047 560 srnrnnnr,

409 659 592 726 Cornubiae
610 678 726 741 regem
743 658 970 733 subintrasse,
986 656 1112 720 eximie
1129 656 1360 722 laetabantnr:

408 760 490 841 quia
514 765 550 822 et
574 758 610 821 in
626 779 705 823 eum
728 756 865 821 facilins
883 758 1025 832 irruere,
1042 763 1165 837 utpote
1187 756 1223 818 in
1246 764 1358 820 extre-

409 860 516 922 miore
530 857 670 939 Angliee
696 843 795 939 parte
822 858 867 920 ab
889 856 1042 919 exercitu
1065 862 1248 932 semotum,
1272 863 1307 919 et
1330 857 1360 919 si

411 958 509 1023 Deus
540 956 712 1021 conamini
747 975 813 1019 suo
850 963 922 1019 tam
962 954 1138 1019 fortunate
1177 956 1360 1035 aspiraret,

411 1057 514 1120 etiam
552 1056 600 1119 ibi
638 1054 863 1144 comprimere
899 1055 1139 1119 autumabant.
1205 1053 1360 1119 Collecto

411 1156 530 1236 itaque
545 1156 712 1219 immenso
730 1154 878 1219 militum
895 1155 1029 1228 robore,
1047 1172 1162 1234 regem
1177 1152 1361 1235 impugna·

413 1255 482 1318 turi
509 1274 586 1317 cum
618 1254 742 1335 grandi
768 1260 939 1336 apparatu
964 1252 1173 1317 Cornubiam
1196 1250 1361 1334 propera-

415 1359 506 1429 runt,
532 1352 611 1417 cum
638 1372 717 1416 ecce
750 1353 866 1418 nuncii
890 1371 992 1415 aures
1020 1351 1158 1414 illorum
1187 1351 1362 1433 insperate

249 1475 353 1515 nomn·
414 1453 645 1534 perculerunt,
677 1450 886 1515 affirmantes
922 1470 1037 1533 regem
1075 1450 1165 1514 felici
1205 1451 1361 1533 auspicio

248 1524 402 1622 'l‘dititldn
415 1552 549 1615 cunctis
574 1552 780 1634 perpetratis
806 1551 946 1613 tandem
981 1549 1190 1627 redeuntem,
1218 1557 1254 1614 et
1283 1536 1361 1612 cum

248 1625 346 1713 iiiiii
414 1649 653 1731 ingentissima
675 1650 841 1715 mirandae
870 1650 1001 1713 militiae
1028 1649 1247 1730 expeditione
1271 1648 1363 1712 inter

415 1769 474 1813 eos
498 1750 563 1811 sub
589 1749 698 1813 oculis
719 1749 916 1814 affuturum.
970 1747 1046 1812 Nec
1071 1748 1162 1811 enim
1184 1746 1283 1824 salsd,
1300 1755 1363 1811 aut

414 1848 578 1912 frivolose
602 1855 797 1915 commenta
819 1847 935 1910 nuncii
953 1847 1182 1928 proferebant,
1199 1847 1282 1929 quia
1297 1865 1362 1911 rex

413 1946 456 2009 de
479 1946 615 2011 comitis
639 1948 790 2011 adventu
817 1945 950 2010 secrete
968 1947 1204 2027 praemonitus,
1222 1946 1294 2009 suis
1317 1946 1362 2009 ad

413 2046 666 2127 confligendum
692 2045 805 2120 docte,
821 2052 857 2109 et
884 2044 1022 2127 provise
1046 2044 1236 2127 dispositis,
1253 2046 1364 2109 omni-

412 2146 547 2225 busque
565 2145 772 2208 Damnoniee
797 2145 983 2207 baronibus
1000 2144 1036 2206 in
1062 2144 1233 2208 auxilium
1261 2163 1363 2207 suum

414 2245 544 2321 ascitis,
561 2244 659 2326 quasi
684 2241 761 2326 ipsa
779 2243 835 2307 die
858 2263 936 2307 cum
964 2243 1089 2307 comite
1116 2262 1367 2324 congressurus.

413 2345 685 2425 approperabat:
716 2341 933 2426 jamjamque
960 2342 1050 2406 inter
1079 2349 1246 2424 utrosque
1277 2362 1367 2425 pau·

416 2440 496 2506 culti
518 2442 669 2507 distante
685 2442 820 2507 itineris
836 2441 1091 2526 intercapedine
1108 2443 1200 2508 votis
1225 2442 1366 2507 fecisset

373 2529 376 2535 ¹
417 2543 516 2619 satis,
534 2543 570 2606 ni
598 2562 726 2619 comes,
749 2561 835 2606 sano
864 2561 1005 2606 snorum
1036 2542 1179 2605 consilio
1207 2549 1364 2625 accepto,

330 2652 333 2660 “
418 2641 584 2705 desistere
623 2660 820 2724 persuasus,
862 2642 929 2704 iter
963 2640 1204 2722 retrogradum
1242 2661 1367 2712 versus

252 2759 389 2798 maraon
420 2741 595 2804 Bristoam
617 2760 715 2804 suam
734 2739 887 2806 velocius
904 2740 1095 2820 relegisset.
1148 2740 1366 2821 Regrediens

252 2809 372 2948 {tilii
417 2839 537 2922 itaque
567 2860 629 2904 rex
657 2839 732 2903 sine
762 2841 829 2916 sui,
856 2839 913 2904 vel
942 2859 1082 2903 suorum
1108 2839 1365 2921 impedimento,

272 2909 339 2948 ‘m‘
418 2938 567 3019 plurima
594 2939 787 3003 adulterina
817 2939 972 3015 castella,
994 2938 1065 3002 alia
1092 2936 1168 3002 soli
1194 2937 1366 3004 adventbs

416 3038 471 3100 sui
492 3036 585 3102 fama
601 3044 763 3114 vacuata,
785 3037 855 3101 alia
874 3038 1006 3101 viribus
1023 3037 1177 3101 virtuose
1202 3038 1365 3102 adhibitis

416 3137 611 3218 conquisita
634 3137 826 3201 subvertit:
864 3156 1052 3219 omnesque
1081 3137 1366 3220 circumjacentes

416 3237 625 3318 provincias,
640 3255 727 3319 quas
744 3235 890 3300 castella
906 3235 1139 3300 inhabitantes
1155 3237 1364 3301 intolerabili

415 3334 637 3400 infestatione
662 3335 911 3417 degravabant,
926 3336 1091 3418 purgavit
1108 3343 1191 3400 tnnc
1213 3337 1365 3412 omnino,

417 3440 453 3496 et
470 3435 684 3514 quietissima
701 3434 859 3498 reddidit.

255 3551 398 3590 romerm-
470 3530 585 3615 Prope
615 3533 680 3597 hoc
711 3540 849 3614 tempus
875 3532 1052 3599 Robertus
1081 3533 1172 3598 filius
1201 3532 1366 3610 Huberti,

252 3601 407 3691 bubeiieif'
419 3631 473 3694 vir
498 3650 623 3712 genere
646 3631 881 3708 Flandrensis,
907 3632 1034 3709 animo,
1053 3641 1089 3697 et
1117 3640 1199 3697 actu
1226 3632 1366 3696 fraudu-

417 3728 545 3809 lentus,
572 3732 632 3814 qui
653 3737 694 3795 ut
717 3730 760 3794 de
776 3731 989 3812 Evangelieo
1003 3731 1027 3796 J
1029 3732 1130 3796 udice
1146 3732 1285 3809 dicitur,
1302 3751 1366 3796 nec

417 3829 542 3907 Deum,
561 3851 625 3896 nec
647 3831 803 3899 homines
825 3831 1060 3909 reverebatur,
1077 3851 1122 3894 ex
1139 3831 1284 3895 Roberti
1306 3851 1365 3895 co·

416 3931 510 3993 mitis
527 3928 652 3994 militib
668 3929 797 3994 furtive
812 3929 1035 4012 proficiscens
1053 3928 1143 4019 (erat
1162 3931 1255 3994 enim
1271 3931 1366 3994 illius

415 4021 675 4120 stipendiarius)
695 4028 876 4093 castellum
898 4029 1002 4110 regiS,
1020 4030 1112 4112 quod
1130 4029 1256 4093 Divisa
1277 4029 1366 4095 dice-

413 4127 529 4205 batur,
564 4135 737 4204 ornanter,
761 4135 797 4192 et
830 4129 1150 4210 inexpugnabiliter
1179 4135 1366 4206 muratum,

306 4241 309 4246 ·
415 4228 521 4290 tensis
534 4246 556 4290 a
570 4228 657 4291 muri
676 4228 938 4310 propugnaculo
951 4229 1055 4294 scalis
1071 4249 1181 4314 usque
1198 4229 1243 4292 ad
1259 4229 1366 4295 imum
