3167 5000
511 481 617 531 nucis
641 482 854 533 rucconuu.
1115 468 1160 531 63

209 633 352 697 ancillas
385 634 557 713 effecerat,
590 638 696 702 libere
736 646 771 703 et
803 638 1036 704 ecclesiastice
1073 641 1159 722 ipsis
1173 658 1316 699 amaretne

209 733 362 797 ecclesiis
388 735 548 813 reddidit,
564 738 832 820 pastoribusque
849 738 1012 801 canonice
1029 740 1158 805 inthro·
1172 708 1307 805 diffidi

210 832 344 908 nizatiS,
367 834 455 897 duas
473 835 647 912 ecclesias,
667 835 1011 914 Malmesbiriensem,
1036 846 1072 902 et
1084 838 1158 903 Ab·
1171 809 1296 907 ‘dirim

210 932 466 1010 besbiriensem,
501 942 540 999 ut
571 935 709 1000 fuerant
744 936 948 1018 antiquitus,
981 937 1159 1020 splendidd

210 1030 442 1099 restauravit.1

262 1128 416 1193 Audiens
450 1132 633 1214 episcopus
666 1130 816 1196 Eliensis
855 1134 1065 1197 avunculum
1101 1134 1161 1197 de-
1172 1152 1318 1201 marana.

210 1225 378 1305 sunctum,
394 1230 487 1311 quod
513 1230 627 1295 animo
656 1229 783 1293 dudum
801 1238 1020 1313 conceperat,
1037 1232 1160 1298 adver·
1172 1204 1258 1294 lidii..

212 1344 272 1390 sus
305 1347 420 1409 regem
449 1348 552 1409 agere
584 1330 726 1407 studuit,
752 1331 916 1412 quatinus
946 1338 981 1394 et
1014 1332 1160 1415 injurias

152 1432 153 1435 ’
210 1422 245 1485 in
260 1427 469 1490 avunculum
485 1447 612 1509 arege,
630 1435 670 1491 ut
691 1428 821 1491 dictum
842 1435 907 1504 est,
924 1430 1108 1511 irrogatas,
1124 1432 1161 1493 in

212 1542 291 1586 eum
307 1533 437 1606 quanto
453 1527 531 1589 nisu
549 1533 668 1609 posset
682 1528 884 1603 vindicaret,
902 1534 937 1591 et
953 1530 1044 1609 regis
1061 1528 1160 1592 Hen-

212 1622 275 1686 rioi
289 1622 379 1687 filios
395 1626 439 1687 ad
457 1645 601 1706 regnum
614 1624 784 1689 maturirls
799 1628 1078 1708 consequendum
1097 1648 1160 1710 pro

212 1740 314 1801 posse
330 1722 522 1805 adjuvaret.
574 1722 692 1787 Armis
704 1724 812 1806 igitur
827 1726 1060 1807 Evangelicis,
1073 1726 1160 1789 mili·

213 1816 330 1902 tiaque
348 1823 591 1887 ecclesiasticae
609 1823 801 1905 disciplinae
825 1843 967 1905 prorsus
983 1823 1160 1902 derelicta,

214 1918 326 1982 virum
341 1921 568 2003 sanguineum
590 1922 714 1999 induit,
733 1922 967 2005 militibusque
982 1923 1026 1986 ad
1049 1924 1160 2005 quod·

213 2016 297 2081 libet
318 2020 453 2084 facinus
466 2022 647 2103 promptis,
665 2040 779 2103 opere,
798 2028 834 2085 ct
850 2022 965 2085 animo
988 2021 1160 2103 expeditis

213 2116 248 2179 in
266 2118 321 2181 Eli
343 2116 408 2182 sub
430 2118 577 2201 pecunia
599 2120 790 2191 conductis,
808 2120 958 2185 contines
976 2140 1107 2197 omnes,
1124 2129 1162 2185 et

214 2235 273 2279 eos
300 2218 462 2294 maxime,
488 2219 549 2300 qui
578 2220 653 2301 regi
684 2220 955 2296 consentiebant,
984 2222 1160 2285 turbabat.

214 2314 279 2378 Est
313 2323 427 2381 autem
459 2317 516 2381 Eli
553 2317 669 2381 insula
698 2318 920 2393 delectabilis,
949 2318 1100 2398 grandis
1126 2326 1308 2389 etnaaaa„

214 2414 394 2495 populosa,
407 2413 500 2478 terrd
515 2415 630 2492 fertili,
640 2422 675 2479 et
692 2414 864 2497 pascuosa
878 2416 1050 2493 foecunda,
1067 2424 1163 2498 stag·
1174 2391 1252 2439 Μ’·

214 2515 283 2589 nis,
305 2521 341 2577 et
368 2515 552 2596 paludibus
575 2515 817 2580 immeabiliter
845 2516 996 2597 undique
1018 2516 1163 2580 circum·

216 2608 341 2689 cincta,
356 2633 418 2676 nec
436 2614 502 2678 nisi
519 2613 553 2678 in
571 2613 705 2678 undeni
723 2621 822 2696 parte
839 2614 1017 2681 itineribus
1031 2617 1163 2696 pervia,

215 2712 273 2774 ubi
302 2718 337 2774 et
365 2712 464 2776 limes
491 2713 705 2778 arctissimus
734 2713 828 2778 viam
849 2713 1101 2778 strictissimam
1127 2714 1164 2776 in

214 2809 362 2874 insulam
395 2811 525 2893 dirigit,
548 2813 808 2894 castellumque,
838 2812 875 2875 in
907 2813 1019 2876 medio
1046 2812 1163 2876 limine

216 2928 260 2972 ex
275 2910 418 2992 antiquo
437 2909 579 2974 mirifice
600 2912 636 2974 in
658 2910 743 2993 ipsis
761 2911 862 2994 aquis
877 2911 1035 2988 infixum,
1052 2919 1162 2976 totam

213 3009 362 3071 insulam
377 3029 496 3086 unum,
506 3016 541 3074 et
555 3010 832 3092 inexpugnatum
850 3009 954 3074 efficit
968 3011 1172 3094 castellum„

216 3107 298 3172 Huc
314 3107 433 3190 itaque
455 3129 530 3185 rex,
554 3108 634 3172 cbm
658 3109 701 3173 dc
717 3107 872 3191 incoepta
893 3110 1047 3191 episcopi
1072 3110 1161 3194 sedi·
1175 3131 1290 3180 nerag

215 3207 308 3270 tione
325 3226 408 3270 vera
423 3208 645 3290 percepisset,
658 3227 734 3271 cum
757 3207 883 3288 grandi
899 3208 1053 3270 exercitu
1071 3208 1164 3271 festi·
1175 3182 1316 3280 ffli‘m„

214 3324 280 3368 nus
298 3304 449 3381 advenit,
467 3303 751 3386 considerataque
774 3303 872 3381 mirri,
888 3313 924 3369 et
940 3305 1163 3386 insuperabili

215 3404 282 3469 loci
300 3403 501 3480 munitione,
518 3405 690 3486 quomodo
715 3423 753 3466 se
780 3424 859 3467 cum
887 3404 960 3469 suis
981 3404 1163 3486 ingereret,

213 3503 330 3585 plures
356 3502 460 3566 anxie
486 3503 699 3568 consulebat.
752 3503 915 3585 Dotoque
930 3504 1069 3567 tandem
1084 3524 1164 3568 con-

215 3603 304 3679 silio,
326 3609 361 3666 et
377 3603 581 3685 approbato,
600 3609 639 3667 ut
664 3603 780 3684 plures
806 3600 986 3668 naviculas
1014 3603 1049 3666 in
1074 3603 1162 3678 loco,

215 3721 284 3783 quo
312 3721 439 3784 gurges
461 3701 701 3765 circumfluens
723 3701 847 3765 insulae
867 3701 1003 3782 parcior
1019 3719 1166 3782 appare·

186 3871 188 3875 y
215 3801 289 3877 bat,
317 3802 446 3882 pariter
471 3807 691 3883 aggregaret,
719 3807 927 3881 pontemque
959 3816 1063 3880 super
1085 3798 1164 3861 illas

216 3919 260 3963 ex
287 3907 485 3964 transverso
507 3900 650 3982 positas,
668 3897 844 3962 craticulis
865 3898 901 3959 in
924 3898 1065 3978 longum
1083 3898 1164 3961 sub·

250 4143 257 4172 ¹
276 4145 323 4194 See
335 4145 448 4193 William
469 4145 499 4193 oi
507 4145 676 4206 Malmsbury‚
702 4147 777 4191 count
791 4142 821 4192 oi
833 4142 876 4191 tbe
891 4144 1067 4205 malpractices
1084 4144 1113 4192 of
1124 4144 1166 4193 the

215 4221 272 4278 ⁷28,
301 4215 358 4264 who
388 4216 504 4264 confirma
547 4214 597 4262 this
635 4229 677 4262 ac·
703 4213 988 4275 BishopoiSalisbury.
1064 4242 1066 4249 ‹
