3167 5000
401 469 446 533 92
719 480 834 529 essm
860 479 1055 539 sparnum,

238 656 378 748 pam
401 658 572 722 ronesque
601 660 646 703 ex
669 640 827 703 omnibus
846 637 983 719 Angliae
1007 636 1164 719 partibus
1189 636 1357 709 mandati,

239 758 391 817 terarum
403 739 458 802 vel
477 759 554 802 cum
579 740 783 804 adveniente
803 758 885 818 rege
904 741 1147 811 convenerant,
1170 735 1227 798 vel
1249 734 1357 815 prope

178 908 180 913 Ι
238 807 367 904 ῗοῖῗιέἑῗω
403 837 543 901 affuturi
554 857 637 909 cum
659 839 819 901 omnibus
844 836 984 899 auxiliis
1008 835 1087 897 suis.
1103 834 1147 895 ad
1171 853 1251 896 eum
1275 852 1356 895 con-

240 952 287 1039 gp
295 952 346 991 1³:11
358 952 383 991 or
405 936 570 999 fluebant.
638 935 742 1014 Quod
771 936 834 1003 ubi
865 934 983 999 comiti
1014 931 1221 996 Glaornensi
1253 933 1357 995 certis

240 1005 380 1140 ‘iffi‘
404 1034 635 1098 deferentibus
667 1035 802 1098 nunciis
834 1033 1054 1096 manifestum
1084 1031 1160 1107 fuit,
1187 1031 1357 1095 mandatis

241 1104 263 1139 ⁸⁸
313 1103 358 1140 Μ’
404 1133 585 1196 confestim
610 1135 718 1197 totius
743 1132 882 1197 virtutis
904 1151 976 1195 suae
1005 1130 1124 1212 primis
1147 1130 1356 1213 coadjutori-

404 1233 481 1307 bus,
510 1252 588 1295 cum
619 1251 702 1313 rege
729 1231 951 1295 conflicturus
974 1229 1179 1293 Wiltoniam
1207 1228 1356 1293 devenit.

406 1329 563 1411 Cquue
582 1350 658 1409 rex,
674 1331 833 1394 exercitu
854 1330 898 1392 ad
918 1328 1146 1410 praeliandum
1168 1329 1357 1390 comminus

405 1428 440 1491 in
462 1437 593 1492 turmas
615 1429 694 1493 hino
712 1427 792 1492 inde
815 1428 985 1503 ordinato,
1002 1446 1046 1489 ex
1063 1428 1219 1503 adverso,
1236 1425 1255 1488 e
1272 1427 1363 1489 civi--

405 1533 479 1590 tate
512 1527 697 1609 prodisset,
732 1546 860 1603 comes,
883 1545 971 1607 quos
1008 1545 1126 1589 secum
1163 1525 1357 1588 adduxerat

406 1624 521 1701 caute,
544 1633 579 1689 et
601 1626 771 1701 conserte,
792 1627 829 1688 in
860 1632 930 1689 tres
959 1643 1087 1687 cuneos
1114 1624 1238 1687 bellico
1262 1642 1356 1685 more

406 1722 535 1800 divisit,
555 1724 759 1806 irruensque
773 1724 909 1788 sortiter
925 1724 961 1786 in
984 1722 1213 1797 adversarios,
1236 1722 1357 1785 cedere

405 1840 522 1902 regem
545 1822 835 1886 constantissime
856 1822 982 1902 coegit,
1015 1833 1051 1884 et
1084 1822 1150 1884 nisi
1180 1840 1258 1884 cum
1285 1821 1356 1901 epi·

241 1940 355 1991 rasura,
405 1938 511 2002 scopo
535 1921 768 1985 Wintoniensi
790 1921 883 2002 sugae
905 1920 1102 2002 praesidium
1125 1917 1280 1984 velooids
1304 1920 1356 1982 in-

242 1992 331 2029 narrowl

240 2002 371 2099 ,apale
406 2019 503 2095 isset,
526 2020 562 2083 iu
585 2020 728 2084 hostiles
754 2016 907 2083 secunde
932 2019 1008 2083 vice
1022 2038 1145 2081 manus
1160 2018 1357 2099 turpissime

241 2091 356 2188 leit?
405 2117 591 2181 incidisset.
1054 2168 1057 2173 .

244 2254 369 2295 ΜΨ,
457 2215 652 2280 Willelmus
679 2225 793 2281 autem
828 2218 979 2299 quidam,
1005 2223 1235 2298 cognomento
1260 2216 1356 2279 Mar-

242 2304 366 2393 ffllfm
407 2314 522 2391 tellus,
538 2317 591 2379 vir
613 2316 770 2393 illustris,
799 2316 866 2379 fide
892 2336 1041 2398 quoque,
1063 2322 1099 2379 et
1124 2314 1275 2379 amicitia
1296 2334 1357 2396 po·

407 2414 577 2478 tissimum
603 2416 677 2495 regi
704 2434 893 2490 connexus
921 2434 999 2477 cum
1021 2414 1187 2477 militibus
1214 2415 1280 2477 sibi
1300 2433 1355 2476 as·

407 2515 579 2577 sentaneis
616 2515 761 2578 viriliter
789 2515 984 2577 dimicando
1022 2513 1274 2594 aliquantulum
1303 2533 1356 2576 re-

243 2630 374 2678 merar-
407 2612 518 2676 stitit:
560 2612 619 2676 sed
650 2613 732 2694 quia
764 2613 877 2696 major
908 2613 1036 2694 regalis
1066 2611 1239 2676 exercitlls
1257 2612 1358 2694 copia

244 2683 395 2729 srmyrouted3

244 2730 323 2792 unta
334 2733 396 2772 aare
407 2707 686 2792 quaqueversum
724 2732 802 2775 cum
839 2732 920 2793 rege
955 2713 1113 2793 dispersa
1143 2711 1357 2792 confugerat,

243 2791 345 2831 ‘'mm''
373 2885 381 2897 .
407 2808 603 2892 invictaque
630 2811 764 2874 hostilis
786 2810 1014 2874 multitudinis
1039 2811 1203 2874 atrocitas
1226 2829 1357 2889 augen-

407 2907 538 2970 tissime
563 2908 658 2972 illum
698 2910 998 2986 circumveniebat,
1030 2916 1154 2990 captus
1183 2907 1356 2991 postreme

408 3024 485 3066 cnm
516 3007 670 3088 plurimis
697 3007 775 3070 aliis
801 3007 996 3071 detinetur.¹
1065 3007 1200 3070 Deinde
1230 3026 1356 3082 comes,

407 3102 548 3168 fortune
577 3105 644 3168 sibi
674 3112 745 3168 tam
779 3105 958 3187 auspicatd
994 3106 1183 3187 aspirante,
1220 3106 1355 3187 regales

408 3203 443 3265 in
463 3205 651 3281 civitatem,
671 3211 707 3268 et
724 3205 865 3286 templa,
882 3223 1022 3268 securas
1037 3204 1260 3286 dispersionis
1283 3224 1356 3267 suae

408 3301 561 3366 latebras
583 3311 790 3386 repetentes
815 3305 969 3368 animose
994 3303 1221 3385 persequitur,
1250 3303 1355 3386 injec-

406 3401 520 3482 tisque
539 3402 667 3482 ubique
690 3422 752 3483 per
776 3403 950 3466 civitatem
972 3401 1121 3482 ignibus,
1136 3401 1226 3464 diem
1244 3401 1355 3484 lacry-

407 3517 552 3573 marum,
575 3500 752 3580 totiusque
782 3500 996 3563 crudelitatis
1023 3500 1172 3563 reddidit
1197 3500 1354 3581 plenam:

407 3596 488 3658 dum
512 3597 645 3659 cunctis
670 3597 786 3678 palam
809 3605 912 3674 esset,
929 3618 1049 3662 omnes
1070 3596 1205 3680 rapina,
1224 3605 1259 3662 et
1281 3598 1366 3679 gia-1

407 3695 476 3772 dio,
496 3693 674 3774 violentia,
690 3702 724 3758 et
745 3697 916 3774 incendio,
935 3697 1016 3760 hinc
1033 3697 1070 3758 in
1091 3698 1235 3760 miseros
1252 3698 1356 3773 cives,

406 3794 486 3857 inde
512 3794 548 3858 in
580 3799 671 3877 quos
699 3803 921 3878 reppererant
942 3796 1076 3878 regales
1101 3794 1272 3859 dirissime
1299 3796 1358 3859 de-

407 3895 540 3970 saevire,
564 3895 725 3975 quodque
749 3895 890 3978 majoris
911 3903 986 3958 erat
1011 3893 1175 3978 ejulattis
1195 3913 1354 3959 reveren-

407 3992 489 4054 dum
521 3992 696 4073 genitricis
714 3993 794 4070 Dei,
824 4001 859 4057 et
890 4001 1019 4057 sanctae
1043 3993 1262 4058 Etheldredae
1285 3994 1366 4061 vir-x

664 4202 672 4236 ¹
692 4206 731 4256 cf.
746 4208 831 4268 Roger
839 4209 872 4258 de
879 4209 1030 4272 Wendover,
1037 4212 1094 4259 231.
