3167 5000
537 494 643 545 uncis
667 494 884 547 naumann.
1118 482 1182 553 101

226 663 325 720 catus
348 653 507 720 accessit.
556 656 702 736 Verum,
727 658 809 740 quia
832 677 911 739 qnae
933 656 1076 722 reddere
1098 662 1183 741 spo-

226 756 349 839 pondit
371 756 596 840 fidejussores
613 764 690 839 post
716 757 781 823 hoc
804 756 998 839 persolvere
1014 759 1178 840 oportuit,
1211 765 1239 815 s

226 857 376 938 dumque
398 856 458 919 nni
474 856 626 921 ecclesiae
644 857 824 935 satisfecit,
840 857 1018 941 perplures
1034 878 1097 940 per
1111 858 1177 923 hoc

225 956 415 1038 impediens
447 956 609 1021 ecclesias
642 959 809 1036 oneravit,
839 977 987 1040 quorum
1017 967 1176 1040 pastores
1202 953 1206 958 ’
1266 1024 1268 1029 ,

225 1056 316 1120 inter
331 1076 380 1133 se,
393 1063 428 1120 et
442 1058 650 1138 episcopum,
663 1058 798 1140 plegios
812 1077 887 1122 esse
903 1057 1027 1139 coegit,
1043 1058 1079 1121 in
1098 1059 1176 1140 ipso
1253 1063 1256 1067 ’

227 1176 331 1233 anuo,
343 1156 424 1219 dum
439 1156 474 1219 in
490 1175 589 1225 sacro
601 1157 799 1239 vigiliarum
811 1157 1025 1235 Natiuitatis,
1036 1158 1175 1222 Domini
1186 1174 1337 1266 griffina

226 1256 292 1331 die,
308 1256 419 1320 cervis
440 1255 669 1332 insidiaretur,
683 1276 705 1321 a
725 1256 845 1333 milite,
861 1257 1025 1339 sagittam
1046 1257 1176 1340 impru-
1199 1235 1213 1273 ¹
1280 1232 1324 1268 ’π

225 1356 344 1419 denter
365 1356 401 1418 in
428 1376 567 1420 cervum
590 1356 768 1438 dirigente,
790 1364 911 1438 pectus
933 1357 1173 1437 transforatus,

223 1456 297 1519 sine
327 1456 538 1537 poenitentia
574 1455 688 1520 sructu
723 1456 963 1520 miserabiliter
1000 1458 1172 1523 occubuit.

228 1554 338 1640 Cujus
368 1554 525 1621 interitus
547 1555 583 1618 in
608 1556 781 1619 nonnullis
804 1554 980 1633 divitibus„
993 1557 1173 1622 'ne'eccle-

224 1654 351 1719 siarum
366 1656 599 1735 possessiones
616 1662 688 1719 tam
703 1654 849 1737 abrupte
865 1663 988 1738 postea
1004 1657 1172 1738 pervade·

223 1752 311 1833 ren't,
327 1755 504 1837 aliquanto
522 1754 688 1839 majorem
707 1762 872 1819 terrorem
891 1756 1046 1834 incussit,
1060 1763 1096 1820 et
1117 1777 1172 1820 re·

223 1854 339 1937 liquos
368 1872 430 1936 per
458 1852 622 1936 Angliam
651 1854 832 1937 episcopos
861 1854 906 1918 ad
938 1854 1172 1921 obsistendum

223 1954 382 2037 deinceps
404 1956 594 2019 temerariae
614 1953 759 2018 divitum
781 1955 1040 2037 praesumptioni
1062 1956 1171 2020 anda·

185 2042 190 2048 ’
224 2055 333 2118 ciores
362 2052 484 2119 effecit.
554 2054 726 2119 Successit
754 2054 876 2119 dehinc
906 2055 941 2117 in
970 2056 1170 2121 comitatum
1183 2080 1335 2121 brutana

226 2152 441 2234 Herefordiae
456 2154 641 2236 Rogerius,
660 2153 801 2218 Milonis
819 2153 922 2232 filius,
936 2153 1075 2236 juvenis
1093 2157 1170 2238 qui·
1182 2131 1300 2231 fflm

224 2254 301 2318 dem
312 2250 433 2330 atate,
448 2254 507 2317 sed
523 2255 658 2318 eximiae
673 2254 855 2336 probitatis
870 2253 986 2319 decus.

277 2354 360 2417 Fuit
382 2372 423 2417 eo
441 2352 659 2433 intempore,
678 2372 723 2416 ex
743 2352 807 2429 his,
823 2352 882 2434 qui
901 2354 974 2433 regi
995 2353 1171 2436 obtempe-
1182 2372 1314 2421 Gwfferrdo

224 2455 360 2531 rabant,
387 2450 566 2517 Galsridus
586 2452 629 2517 de
653 2450 882 2533 Magnavilla,
900 2452 953 2517 vir
979 2452 1069 2518 sicut
1087 2422 1314 2571 ρέα-ΨΜ

225 2554 337 2618 dentis
353 2552 457 2616 animi
470 2551 606 2633 ingenio
623 2551 833 2634 spectabilis,
850 2553 901 2617 ita
918 2558 953 2615 ct
966 2552 1002 2615 in
1017 2553 1171 2618 adversis
1242 2551 1249 2563 '

223 2651 421 2718 inflexibilis
442 2651 579 2716 virtutis
600 2647 805 2729 constantia,
819 2652 1045 2734 militarisque
1067 2653 1172 2717 studii

223 2750 641 2836 probitate'admirabilis3
668 2750 728 2833 qui
747 2770 865 2816 omnes
889 2751 986 2833 regni
1007 2752 1171 2834 primates

224 2863 260 2917 et
289 2852 482 2916 divitiarum
509 2849 674 2933 potentia,
705 2858 740 2915 et
772 2851 950 2933 dignitatis
982 2853 1172 2916 excedebat

224 2948 419 3034 opulentii23
442 2951 564 3026 turrim
583 2970 719 3034 quoque
736 2950 990 3015 Londoniarum
1002 2952 1038 3015 in
1054 2954 1170 3032 manu,
1182 2971 1309 3021 nopes.

226 3052 286 3116 sed
310 3058 344 3115 et
372 3051 514 3115 castella
539 3050 817 3133 inexpugnabilis
842 3049 1050 3116 fortitudinis
1080 3053 1171 3117 circa

222 3151 394 3216 civitatem
428 3157 624 3216 constructa
651 3152 813 3227 habehat,
840 3170 1043 3233 omnemque
1072 3153 1170 3232 regni

224 3259 370 3334 partem,
395 3270 473 3332 quae
497 3270 534 3313 se
556 3251 632 3332 regi
657 3249 866 3323 subdiderat,
893 3256 933 3313 ut
956 3251 1084 3331 ubique
1109 3270 1171 3331 per

225 3371 368 3432 regnum
383 3349 473 3430 regis
484 3349 576 3412 vices
592 3348 794 3431 adimplens
804 3348 892 3425 et,in
902 3351 1003 3413 rebus
1015 3349 1170 3431 agendis

225 3470 306 3532 rege
327 3448 462 3513 avidius
484 3448 717 3526 exaudiretur,
734 3456 780 3524 ct,
798 3449 834 3511 in
854 3449 1036 3531 praeceptis
1055 3449 1170 3533 injun-

224 3550 355 3632 gendis,
372 3549 450 3632 plus
465 3549 497 3612 ei
512 3546 616 3631 quam
633 3549 708 3631 regi
724 3550 1029 3630 obtemperaretur.
1065 3548 1169 3627 Quod

224 3649 317 3732 aegra
333 3649 480 3715 ferentes
494 3649 545 3713 illi
566 3647 750 3732 praecipub,
766 3649 826 3730 qui
842 3667 880 3711 se
894 3647 1106 3712 familiariori
1120 3648 1170 3713 di-

221 3750 367 3813 lectione
392 3749 467 3830 regi
495 3747 711 3831 conjunctius
737 3746 973 3822 devinxerant,
992 3747 1170 3827 tum‘quia

224 3847 416 3924 GallriduS,
445 3853 484 3910 ut
513 3846 704 3922 videbatur,
733 3845 849 3908 omnia
874 3845 972 3924 regni
991 3845 1075 3929 jura
1104 3845 1169 3909 sibi

222 3946 345 4013 callida
373 3943 568 4028 usurparat,
595 3953 668 4009 tum
696 3943 778 4025 quia
803 3962 959 4024 regnum,
984 3951 1024 4007 ut
1051 3945 1087 4007 in
1110 3963 1169 4008 ore

218 4047 295 4133 jam
313 4047 409 4129 vulgi
426 4045 558 4110 celebre
581 4045 702 4119 iuerat,
720 4043 904 4107 comitissa
921 4043 1169 4125 Andagavensi

223 4147 378 4212 conferre
398 4146 625 4228 disposuerat,
648 4143 692 4206 ad
718 4143 785 4207 hoc
809 4163 924 4225 regem
944 4142 1079 4208 secreta
1095 4163 1168 4226 per·
1182 4161 1302 4201 mauu

222 4247 381 4311 suasione
398 4245 619 4328 impulerunt,
635 4243 799 4326 quatinus
817 4243 1012 4308 Gallridum
1030 4244 1073 4308 de
1090 4264 1169 4352 p‘r-o:
1181 4211 1333 4302 ῗῖἷιῖῗὸῗῖω
