<?xml version="1.0" encoding="UTF-8"?>
<!DOCTYPE html PUBLIC "-//W3C//DTD XHTML 1.0 Transitional//EN"
    "http://www.w3.org/TR/xhtml1/DTD/xhtml1-transitional.dtd">
<html xmlns="http://www.w3.org/1999/xhtml" xml:lang="en" lang="en">
 <head>
  <title>
</title>
<meta http-equiv="Content-Type" content="text/html;charset=utf-8" />
  <meta name='ocr-system' content='tesseract 3.04.00' />
  <meta name='ocr-capabilities' content='ocr_page ocr_carea ocr_par ocr_line ocrx_word'/>
</head>
<body>
  <div class='ocr_page' id='page_1' title='image "./gestastephanire00sewegoog_0152.png"; bbox 0 0 3167 5000; ppageno 0'>
   <div class='ocr_carea' id='block_1_1' title="bbox 548 477 1193 559">
    <p class='ocr_par' dir='ltr' id='par_1_1' title="bbox 548 477 1193 559">
     <span class='ocr_line' id='line_1_1' title="bbox 548 477 1193 559; baseline 0.006 -4"><span class='ocrx_word' id='word_1_1' title='bbox 548 508 652 556; x_wconf 76' lang='lat' dir='ltr'><strong>neers</strong></span> <span class='ocrx_word' id='word_1_2' title='bbox 675 508 890 557; x_wconf 73' lang='lat' dir='ltr'><strong>auctorum,</strong></span> <span class='ocrx_word' id='word_1_3' title='bbox 1014 477 1025 499; x_wconf 77' lang='lat'>⁴</span> <span class='ocrx_word' id='word_1_4' title='bbox 1129 496 1193 559; x_wconf 85' lang='lat'><strong>131</strong></span> 
     </span>
    </p>
   </div>
   <div class='ocr_carea' id='block_1_2' title="bbox 245 663 1198 4287">
    <p class='ocr_par' dir='ltr' id='par_1_2' title="bbox 245 663 1198 4287">
     <span class='ocr_line' id='line_1_2' title="bbox 245 663 1192 750; baseline 0.008 -25"><span class='ocrx_word' id='word_1_5' title='bbox 245 664 458 746; x_wconf 89' lang='lat' dir='ltr'><strong>provinciam</strong></span> <span class='ocrx_word' id='word_1_6' title='bbox 484 664 732 727; x_wconf 63' lang='lat' dir='ltr'><strong>instantissime</strong></span> <span class='ocrx_word' id='word_1_7' title='bbox 764 663 981 742; x_wconf 74' lang='lat' dir='ltr'><strong>infestarent,</strong></span> <span class='ocrx_word' id='word_1_8' title='bbox 1006 668 1192 750; x_wconf 76' lang='lat' dir='ltr'><strong>improvise</strong></span> 
     </span>
     <span class='ocr_line' id='line_1_3' title="bbox 246 762 1192 848; baseline 0.006 -23"><span class='ocrx_word' id='word_1_9' title='bbox 246 763 432 827; x_wconf 91' lang='lat' dir='ltr'><strong>adveniens</strong></span> <span class='ocrx_word' id='word_1_10' title='bbox 458 782 533 828; x_wconf 92' lang='lat' dir='ltr'><strong>cum</strong></span> <span class='ocrx_word' id='word_1_11' title='bbox 551 762 716 828; x_wconf 79' lang='lat' dir='ltr'><strong>violentia</strong></span> <span class='ocrx_word' id='word_1_12' title='bbox 736 766 840 845; x_wconf 90' lang='lat' dir='ltr'><strong>cepit,</strong></span> <span class='ocrx_word' id='word_1_13' title='bbox 858 765 997 847; x_wconf 89' lang='lat' dir='ltr'><strong>suisque</strong></span> <span class='ocrx_word' id='word_1_14' title='bbox 1021 766 1192 848; x_wconf 89' lang='lat' dir='ltr'><strong>impositis</strong></span> 
     </span>
     <span class='ocr_line' id='line_1_4' title="bbox 245 862 1191 946; baseline 0.006 -23"><span class='ocrx_word' id='word_1_15' title='bbox 245 862 422 925; x_wconf 86' lang='lat' dir='ltr'><strong>latissimae</strong></span> <span class='ocrx_word' id='word_1_16' title='bbox 446 863 632 945; x_wconf 86' lang='lat' dir='ltr'><strong>provinciae</strong></span> <span class='ocrx_word' id='word_1_17' title='bbox 647 863 859 926; x_wconf 89' lang='lat' dir='ltr'><strong>dominatum</strong></span> <span class='ocrx_word' id='word_1_18' title='bbox 875 866 1095 946; x_wconf 86' lang='lat' dir='ltr'><strong>conquisivit.</strong></span> <span class='ocrx_word' id='word_1_19' title='bbox 1147 866 1191 929; x_wconf 90' lang='lat' dir='ltr'><strong>In</strong></span> 
     </span>
     <span class='ocr_line' id='line_1_5' title="bbox 246 960 1191 1043; baseline 0.006 -20"><span class='ocrx_word' id='word_1_20' title='bbox 246 960 311 1025; x_wconf 92' lang='lat' dir='ltr'><strong>hoc</strong></span> <span class='ocrx_word' id='word_1_21' title='bbox 335 962 439 1024; x_wconf 86' lang='lat' dir='ltr'><strong>etiam</strong></span> <span class='ocrx_word' id='word_1_22' title='bbox 462 970 615 1043; x_wconf 90' lang='lat' dir='ltr'><strong>tempore</strong></span> <span class='ocrx_word' id='word_1_23' title='bbox 634 962 813 1025; x_wconf 88' lang='lat' dir='ltr'><strong>castellum</strong></span> <span class='ocrx_word' id='word_1_24' title='bbox 836 964 877 1026; x_wconf 89' lang='lat' dir='ltr'><strong>de</strong></span> <span class='ocrx_word' id='word_1_25' title='bbox 899 963 1040 1027; x_wconf 89' lang='lat' dir='ltr'><strong>Lidelea</strong></span> <span class='ocrx_word' id='word_1_26' title='bbox 1060 965 1191 1030; x_wconf 78' lang='lat' dir='ltr'><strong>famose</strong></span> 
     </span>
     <span class='ocr_line' id='line_1_6' title="bbox 247 1060 1192 1144; baseline 0.007 -24"><span class='ocrx_word' id='word_1_27' title='bbox 247 1060 321 1137; x_wconf 91' lang='lat' dir='ltr'><strong>sihi,</strong></span> <span class='ocrx_word' id='word_1_28' title='bbox 346 1068 381 1123; x_wconf 88' lang='lat' dir='ltr'><strong>et</strong></span> <span class='ocrx_word' id='word_1_29' title='bbox 402 1060 657 1142; x_wconf 84' lang='lat' dir='ltr'><strong>triumphaliter</strong></span> <span class='ocrx_word' id='word_1_30' title='bbox 681 1062 864 1137; x_wconf 90' lang='lat' dir='ltr'><strong>redditum,</strong></span> <span class='ocrx_word' id='word_1_31' title='bbox 887 1064 1049 1144; x_wconf 85' lang='lat' dir='ltr'><strong>suscepit.</strong></span> <span class='ocrx_word' id='word_1_32' title='bbox 1109 1064 1192 1127; x_wconf 92' lang='lat' dir='ltr'><strong>Fuit</strong></span> 
     </span>
     <span class='ocr_line' id='line_1_7' title="bbox 249 1159 1191 1243; baseline 0.007 -24"><span class='ocrx_word' id='word_1_33' title='bbox 249 1178 397 1239; x_wconf 88' lang='lat' dir='ltr'><strong>namque</strong></span> <span class='ocrx_word' id='word_1_34' title='bbox 427 1160 517 1222; x_wconf 88' lang='lat' dir='ltr'><strong>idem</strong></span> <span class='ocrx_word' id='word_1_35' title='bbox 549 1159 728 1223; x_wconf 88' lang='lat' dir='ltr'><strong>castellum</strong></span> <span class='ocrx_word' id='word_1_36' title='bbox 748 1207 911 1224; x_wconf 87' lang='grc'><strong>.....</strong></span> <span class='ocrx_word' id='word_1_37' title='bbox 945 1208 954 1224; x_wconf 90' lang='grc'><strong>.</strong></span> <span class='ocrx_word' id='word_1_38' title='bbox 978 1162 1070 1242; x_wconf 92' lang='lat' dir='ltr'><strong>jure,</strong></span> <span class='ocrx_word' id='word_1_39' title='bbox 1099 1163 1191 1243; x_wconf 90' lang='lat' dir='ltr'><strong>quod</strong></span> 
     </span>
     <span class='ocr_line' id='line_1_8' title="bbox 248 1258 1191 1342; baseline 0.004 -23"><span class='ocrx_word' id='word_1_40' title='bbox 248 1258 383 1337; x_wconf 87' lang='lat' dir='ltr'><strong>quidem</strong></span> <span class='ocrx_word' id='word_1_41' title='bbox 396 1259 432 1321; x_wconf 91' lang='lat' dir='ltr'><strong>in</strong></span> <span class='ocrx_word' id='word_1_42' title='bbox 446 1258 516 1321; x_wconf 90' lang='lat' dir='ltr'><strong>illis</strong></span> <span class='ocrx_word' id='word_1_43' title='bbox 533 1260 698 1339; x_wconf 64' lang='lat' dir='ltr'><strong>partibus»,</strong></span> <span class='ocrx_word' id='word_1_44' title='bbox 713 1266 748 1322; x_wconf 87' lang='lat' dir='ltr'><strong>et</strong></span> <span class='ocrx_word' id='word_1_45' title='bbox 763 1259 806 1322; x_wconf 94' lang='lat' dir='ltr'><strong>ad</strong></span> <span class='ocrx_word' id='word_1_46' title='bbox 820 1261 935 1323; x_wconf 84' lang='lat' dir='ltr'><strong>varios</strong></span> <span class='ocrx_word' id='word_1_47' title='bbox 949 1269 1126 1342; x_wconf 88' lang='lat' dir='ltr'><strong>raptorum</strong></span> <span class='ocrx_word' id='word_1_48' title='bbox 1138 1281 1191 1325; x_wconf 88' lang='lat' dir='ltr'><strong>ar-</strong></span> 
     </span>
     <span class='ocr_line' id='line_1_9' title="bbox 249 1356 1192 1423; baseline 0.005 -5"><span class='ocrx_word' id='word_1_49' title='bbox 249 1356 375 1419; x_wconf 86' lang='lat' dir='ltr'><strong>cendos</strong></span> <span class='ocrx_word' id='word_1_50' title='bbox 394 1358 550 1420; x_wconf 87' lang='lat' dir='ltr'><strong>incursus</strong></span> <span class='ocrx_word' id='word_1_51' title='bbox 569 1404 744 1420; x_wconf 88' lang='grc'><strong>......</strong></span> <span class='ocrx_word' id='word_1_52' title='bbox 772 1357 937 1421; x_wconf 85' lang='lat' dir='ltr'><strong>Ecclesiae</strong></span> <span class='ocrx_word' id='word_1_53' title='bbox 959 1365 1069 1423; x_wconf 87' lang='lat' dir='ltr'><strong>terras</strong></span> <span class='ocrx_word' id='word_1_54' title='bbox 1095 1367 1192 1423; x_wconf 91' lang='lat' dir='ltr'><strong>tuen-</strong></span> 
     </span>
     <span class='ocr_line' id='line_1_10' title="bbox 249 1455 1192 1541; baseline 0.004 -24"><span class='ocrx_word' id='word_1_55' title='bbox 249 1455 323 1531; x_wconf 89' lang='lat' dir='ltr'><strong>das,</strong></span> <span class='ocrx_word' id='word_1_56' title='bbox 340 1475 426 1537; x_wconf 90' lang='lat' dir='ltr'><strong>quas</strong></span> <span class='ocrx_word' id='word_1_57' title='bbox 449 1457 713 1536; x_wconf 83' lang='lat' dir='ltr'><strong>circumquaque</strong></span> <span class='ocrx_word' id='word_1_58' title='bbox 731 1456 912 1538; x_wconf 90' lang='lat' dir='ltr'><strong>episcopus</strong></span> <span class='ocrx_word' id='word_1_59' title='bbox 929 1457 1097 1522; x_wconf 87' lang='lat' dir='ltr'><strong>habuerat</strong></span> <span class='ocrx_word' id='word_1_60' title='bbox 1113 1478 1192 1541; x_wconf 89' lang='lat' dir='ltr'><strong>pos-</strong></span> 
     </span>
     <span class='ocr_line' id='line_1_11' title="bbox 248 1554 1192 1633; baseline 0.006 -18"><span class='ocrx_word' id='word_1_61' title='bbox 248 1554 300 1616; x_wconf 91' lang='lat' dir='ltr'><strong>sid</strong></span> <span class='ocrx_word' id='word_1_62' title='bbox 326 1600 500 1617; x_wconf 88' lang='grc'><strong>......</strong></span> <span class='ocrx_word' id='word_1_63' title='bbox 525 1554 567 1617; x_wconf 88' lang='lat' dir='ltr'><strong>de</strong></span> <span class='ocrx_word' id='word_1_64' title='bbox 591 1555 772 1618; x_wconf 89' lang='lat' dir='ltr'><strong>comitibus</strong></span> <span class='ocrx_word' id='word_1_65' title='bbox 789 1554 916 1633; x_wconf 86' lang='lat' dir='ltr'><strong>Brieni,</strong></span> <span class='ocrx_word' id='word_1_66' title='bbox 933 1556 1049 1619; x_wconf 90' lang='lat' dir='ltr'><strong>callidi</strong></span> <span class='ocrx_word' id='word_1_67' title='bbox 1075 1558 1192 1621; x_wconf 91' lang='lat' dir='ltr'><strong>admo-</strong></span> 
     </span>
     <span class='ocr_line' id='line_1_12' title="bbox 249 1652 1190 1734; baseline 0.005 -21"><span class='ocrx_word' id='word_1_68' title='bbox 249 1652 342 1729; x_wconf 88' lang='lat' dir='ltr'><strong>dum,</strong></span> <span class='ocrx_word' id='word_1_69' title='bbox 382 1660 417 1716; x_wconf 90' lang='lat' dir='ltr'><strong>et</strong></span> <span class='ocrx_word' id='word_1_70' title='bbox 454 1653 498 1715; x_wconf 89' lang='lat' dir='ltr'><strong>ad</strong></span> <span class='ocrx_word' id='word_1_71' title='bbox 537 1672 683 1734; x_wconf 85' lang='lat' dir='ltr'><strong>quaeque</strong></span> <span class='ocrx_word' id='word_1_72' title='bbox 720 1654 811 1717; x_wconf 88' lang='lat' dir='ltr'><strong>mala</strong></span> <span class='ocrx_word' id='word_1_73' title='bbox 850 1656 981 1718; x_wconf 89' lang='lat' dir='ltr'><strong>versuti</strong></span> <span class='ocrx_word' id='word_1_74' title='bbox 1009 1702 1190 1719; x_wconf 88' lang='grc'><strong>......</strong></span> 
     </span>
     <span class='ocr_line' id='line_1_13' title="bbox 248 1752 1192 1835; baseline 0.004 -22"><span class='ocrx_word' id='word_1_75' title='bbox 248 1752 407 1833; x_wconf 87' lang='lat' dir='ltr'><strong>cepisset,</strong></span> <span class='ocrx_word' id='word_1_76' title='bbox 425 1759 604 1832; x_wconf 87' lang='lat' dir='ltr'><strong>terrasque</strong></span> <span class='ocrx_word' id='word_1_77' title='bbox 621 1760 656 1814; x_wconf 87' lang='lat' dir='ltr'><strong>et</strong></span> <span class='ocrx_word' id='word_1_78' title='bbox 673 1752 907 1833; x_wconf 88' lang='lat' dir='ltr'><strong>possessiones</strong></span> <span class='ocrx_word' id='word_1_79' title='bbox 924 1754 1075 1835; x_wconf 88' lang='lat' dir='ltr'><strong>episcopi</strong></span> <span class='ocrx_word' id='word_1_80' title='bbox 1092 1756 1192 1834; x_wconf 84' lang='lat' dir='ltr'><strong>gravi</strong></span> 
     </span>
     <span class='ocr_line' id='line_1_14' title="bbox 248 1849 1193 1933; baseline 0.002 -21"><span class='ocrx_word' id='word_1_81' title='bbox 248 1849 513 1931; x_wconf 86' lang='lat' dir='ltr'><strong>depopulatione</strong></span> <span class='ocrx_word' id='word_1_82' title='bbox 528 1870 575 1912; x_wconf 91' lang='lat' dir='ltr'><strong>nu</strong></span> <span class='ocrx_word' id='word_1_83' title='bbox 599 1898 775 1915; x_wconf 92' lang='grc'><strong>......</strong></span> <span class='ocrx_word' id='word_1_84' title='bbox 799 1859 839 1913; x_wconf 88' lang='lat' dir='ltr'><strong>ut</strong></span> <span class='ocrx_word' id='word_1_85' title='bbox 861 1858 937 1914; x_wconf 90' lang='lat' dir='ltr'><strong>erat</strong></span> <span class='ocrx_word' id='word_1_86' title='bbox 953 1871 1088 1933; x_wconf 90' lang='lat' dir='ltr'><strong>semper</strong></span> <span class='ocrx_word' id='word_1_87' title='bbox 1111 1872 1193 1916; x_wconf 91' lang='lat' dir='ltr'><strong>con-</strong></span> 
     </span>
     <span class='ocr_line' id='line_1_15' title="bbox 249 1948 1192 2033; baseline 0.004 -23"><span class='ocrx_word' id='word_1_88' title='bbox 249 1948 332 2012; x_wconf 92' lang='lat' dir='ltr'><strong>sulti</strong></span> <span class='ocrx_word' id='word_1_89' title='bbox 346 1950 463 2025; x_wconf 91' lang='lat' dir='ltr'><strong>animi,</strong></span> <span class='ocrx_word' id='word_1_90' title='bbox 478 1956 513 2012; x_wconf 89' lang='lat' dir='ltr'><strong>et</strong></span> <span class='ocrx_word' id='word_1_91' title='bbox 527 1949 563 2012; x_wconf 92' lang='lat' dir='ltr'><strong>in</strong></span> <span class='ocrx_word' id='word_1_92' title='bbox 576 1950 677 2011; x_wconf 90' lang='lat' dir='ltr'><strong>rebus</strong></span> <span class='ocrx_word' id='word_1_93' title='bbox 694 1949 836 2029; x_wconf 81' lang='lat' dir='ltr'><strong>agendis</strong></span> <span class='ocrx_word' id='word_1_94' title='bbox 849 1951 1085 2026; x_wconf 87' lang='lat' dir='ltr'><strong>strenuissimi,</strong></span> <span class='ocrx_word' id='word_1_95' title='bbox 1098 1952 1192 2033; x_wconf 90' lang='lat' dir='ltr'><strong>copi-</strong></span> 
     </span>
     <span class='ocr_line' id='line_1_16' title="bbox 251 2045 1193 2130; baseline 0.004 -21"><span class='ocrx_word' id='word_1_96' title='bbox 251 2094 433 2111; x_wconf 88' lang='grc'><strong>......</strong></span> <span class='ocrx_word' id='word_1_97' title='bbox 460 2045 614 2111; x_wconf 73' lang='lat' dir='ltr'><strong>adunatb</strong></span> <span class='ocrx_word' id='word_1_98' title='bbox 636 2048 868 2123; x_wconf 79' lang='lat' dir='ltr'><strong>multitudine,</strong></span> <span class='ocrx_word' id='word_1_99' title='bbox 886 2048 954 2111; x_wconf 93' lang='lat' dir='ltr'><strong>duo</strong></span> <span class='ocrx_word' id='word_1_100' title='bbox 977 2058 1058 2113; x_wconf 88' lang='lat' dir='ltr'><strong>ante</strong></span> <span class='ocrx_word' id='word_1_101' title='bbox 1081 2049 1193 2130; x_wconf 91' lang='lat' dir='ltr'><strong>ipsum</strong></span> 
     </span>
     <span class='ocr_line' id='line_1_17' title="bbox 249 2146 1193 2229; baseline 0.004 -22"><span class='ocrx_word' id='word_1_102' title='bbox 249 2146 395 2208; x_wconf 89' lang='lat' dir='ltr'><strong>castella</strong></span> <span class='ocrx_word' id='word_1_103' title='bbox 407 2146 601 2209; x_wconf 89' lang='lat' dir='ltr'><strong>instantissi</strong></span> <span class='ocrx_word' id='word_1_104' title='bbox 625 2192 798 2209; x_wconf 93' lang='grc'><strong>......</strong></span> <span class='ocrx_word' id='word_1_105' title='bbox 822 2146 1036 2228; x_wconf 89' lang='lat' dir='ltr'><strong>militumque</strong></span> <span class='ocrx_word' id='word_1_106' title='bbox 1051 2154 1087 2210; x_wconf 92' lang='lat' dir='ltr'><strong>et</strong></span> <span class='ocrx_word' id='word_1_107' title='bbox 1098 2148 1193 2229; x_wconf 88' lang='lat' dir='ltr'><strong>pedi·</strong></span> 
     </span>
     <span class='ocr_line' id='line_1_18' title="bbox 249 2242 1191 2327; baseline 0.003 -22"><span class='ocrx_word' id='word_1_108' title='bbox 249 2250 322 2306; x_wconf 91' lang='lat' dir='ltr'><strong>tum</strong></span> <span class='ocrx_word' id='word_1_109' title='bbox 338 2244 459 2307; x_wconf 86' lang='lat' dir='ltr'><strong>turmis</strong></span> <span class='ocrx_word' id='word_1_110' title='bbox 474 2242 681 2307; x_wconf 88' lang='lat' dir='ltr'><strong>sufficienter</strong></span> <span class='ocrx_word' id='word_1_111' title='bbox 699 2244 882 2325; x_wconf 89' lang='lat' dir='ltr'><strong>impositis,</strong></span> <span class='ocrx_word' id='word_1_112' title='bbox 896 2265 1006 2326; x_wconf 87' lang='lat' dir='ltr'><strong>usque</strong></span> <span class='ocrx_word' id='word_1_113' title='bbox 1023 2246 1067 2307; x_wconf 91' lang='lat' dir='ltr'><strong>ad</strong></span> <span class='ocrx_word' id='word_1_114' title='bbox 1082 2246 1191 2327; x_wconf 88' lang='lat' dir='ltr'><strong>ipsam</strong></span> 
     </span>
     <span class='ocr_line' id='line_1_19' title="bbox 249 2342 1193 2423; baseline 0.003 -20"><span class='ocrx_word' id='word_1_115' title='bbox 249 2342 285 2423; x_wconf 94' lang='lat' dir='ltr'><strong>ip</strong></span> <span class='ocrx_word' id='word_1_116' title='bbox 303 2388 477 2405; x_wconf 91' lang='grc'><strong>......</strong></span> <span class='ocrx_word' id='word_1_117' title='bbox 495 2344 558 2403; x_wconf 89' lang='lat' dir='ltr'><strong>mis</strong></span> <span class='ocrx_word' id='word_1_118' title='bbox 572 2342 721 2404; x_wconf 90' lang='lat' dir='ltr'><strong>inediam</strong></span> <span class='ocrx_word' id='word_1_119' title='bbox 736 2342 888 2405; x_wconf 90' lang='lat' dir='ltr'><strong>inclusos</strong></span> <span class='ocrx_word' id='word_1_120' title='bbox 903 2343 1065 2407; x_wconf 90' lang='lat' dir='ltr'><strong>coercuit.</strong></span> <span class='ocrx_word' id='word_1_121' title='bbox 1108 2344 1193 2421; x_wconf 87' lang='lat' dir='ltr'><strong>Qui-</strong></span> 
     </span>
     <span class='ocr_line' id='line_1_20' title="bbox 249 2438 1192 2510; baseline 0.004 -8"><span class='ocrx_word' id='word_1_122' title='bbox 249 2440 314 2504; x_wconf 90' lang='lat' dir='ltr'><strong>bus</strong></span> <span class='ocrx_word' id='word_1_123' title='bbox 337 2460 414 2504; x_wconf 90' lang='lat' dir='ltr'><strong>cum</strong></span> <span class='ocrx_word' id='word_1_124' title='bbox 445 2458 559 2504; x_wconf 89' lang='lat' dir='ltr'><strong>comes</strong></span> <span class='ocrx_word' id='word_1_125' title='bbox 582 2438 758 2504; x_wconf 85' lang='lat' dir='ltr'><strong>Glaorniee</strong></span> <span class='ocrx_word' id='word_1_126' title='bbox 784 2459 862 2504; x_wconf 89' lang='lat' dir='ltr'><strong>cum</strong></span> <span class='ocrx_word' id='word_1_127' title='bbox 887 2442 997 2505; x_wconf 89' lang='lat' dir='ltr'><strong>trihus</strong></span> <span class='ocrx_word' id='word_1_128' title='bbox 1021 2488 1192 2510; x_wconf 80' lang='grc'><strong>......</strong></span> 
     </span>
     <span class='ocr_line' id='line_1_21' title="bbox 250 2539 1195 2617; baseline 0.003 -15"><span class='ocrx_word' id='word_1_129' title='bbox 250 2539 353 2615; x_wconf 85' lang='lat' dir='ltr'><strong>tibus,</strong></span> <span class='ocrx_word' id='word_1_130' title='bbox 371 2547 406 2602; x_wconf 88' lang='lat' dir='ltr'><strong>et</strong></span> <span class='ocrx_word' id='word_1_131' title='bbox 425 2559 500 2602; x_wconf 91' lang='lat' dir='ltr'><strong>cum</strong></span> <span class='ocrx_word' id='word_1_132' title='bbox 520 2539 627 2602; x_wconf 88' lang='lat' dir='ltr'><strong>totius</strong></span> <span class='ocrx_word' id='word_1_133' title='bbox 643 2539 773 2602; x_wconf 89' lang='lat' dir='ltr'><strong>militiae</strong></span> <span class='ocrx_word' id='word_1_134' title='bbox 791 2539 957 2603; x_wconf 90' lang='lat' dir='ltr'><strong>indicibili</strong></span> <span class='ocrx_word' id='word_1_135' title='bbox 973 2542 1145 2617; x_wconf 85' lang='lat' dir='ltr'><strong>examine,</strong></span> <span class='ocrx_word' id='word_1_136' title='bbox 1160 2549 1195 2605; x_wconf 91' lang='lat' dir='ltr'><strong>et</strong></span> 
     </span>
     <span class='ocr_line' id='line_1_22' title="bbox 250 2639 1195 2721; baseline 0.003 -22"><span class='ocrx_word' id='word_1_137' title='bbox 250 2656 406 2700; x_wconf 90' lang='lat' dir='ltr'><strong>escarum</strong></span> <span class='ocrx_word' id='word_1_138' title='bbox 421 2639 586 2718; x_wconf 80' lang='lat' dir='ltr'><strong>suffragia</strong></span> <span class='ocrx_word' id='word_1_139' title='bbox 609 2684 748 2703; x_wconf 88' lang='lat'><strong>.....</strong></span> <span class='ocrx_word' id='word_1_140' title='bbox 775 2682 782 2700; x_wconf 87' lang='lat'><strong>-.</strong></span> <span class='ocrx_word' id='word_1_141' title='bbox 809 2645 844 2702; x_wconf 89' lang='lat' dir='ltr'><strong>et</strong></span> <span class='ocrx_word' id='word_1_142' title='bbox 857 2639 1009 2721; x_wconf 88' lang='lat' dir='ltr'><strong>episcopi</strong></span> <span class='ocrx_word' id='word_1_143' title='bbox 1026 2659 1195 2721; x_wconf 89' lang='lat' dir='ltr'><strong>proposu-</strong></span> 
     </span>
     <span class='ocr_line' id='line_1_23' title="bbox 249 2736 1195 2818; baseline 0.001 -20"><span class='ocrx_word' id='word_1_144' title='bbox 249 2737 333 2802; x_wconf 88' lang='lat' dir='ltr'><strong>isset</strong></span> <span class='ocrx_word' id='word_1_145' title='bbox 360 2736 504 2798; x_wconf 90' lang='lat' dir='ltr'><strong>oastella</strong></span> <span class='ocrx_word' id='word_1_146' title='bbox 531 2738 740 2811; x_wconf 86' lang='lat' dir='ltr'><strong>subvertere,</strong></span> <span class='ocrx_word' id='word_1_147' title='bbox 765 2755 827 2798; x_wconf 81' lang='lat' dir='ltr'><strong>rex</strong></span> <span class='ocrx_word' id='word_1_148' title='bbox 854 2738 897 2798; x_wconf 93' lang='lat' dir='ltr'><strong>ah</strong></span> <span class='ocrx_word' id='word_1_149' title='bbox 919 2737 1081 2818; x_wconf 88' lang='lat' dir='ltr'><strong>episcopo</strong></span> <span class='ocrx_word' id='word_1_150' title='bbox 1101 2758 1195 2800; x_wconf 88' lang='lat' dir='ltr'><strong>mau-</strong></span> 
     </span>
     <span class='ocr_line' id='line_1_24' title="bbox 250 2835 1195 2916; baseline 0.003 -20"><span class='ocrx_word' id='word_1_151' title='bbox 250 2835 350 2897; x_wconf 87' lang='lat' dir='ltr'><strong>datus</strong></span> <span class='ocrx_word' id='word_1_152' title='bbox 373 2841 513 2916; x_wconf 87' lang='lat' dir='ltr'><strong>repente</strong></span> <span class='ocrx_word' id='word_1_153' title='bbox 537 2881 711 2897; x_wconf 90' lang='grc'><strong>......</strong></span> <span class='ocrx_word' id='word_1_154' title='bbox 733 2835 916 2916; x_wconf 89' lang='lat' dir='ltr'><strong>ipsumque</strong></span> <span class='ocrx_word' id='word_1_155' title='bbox 937 2837 1094 2899; x_wconf 89' lang='lat' dir='ltr'><strong>comitem</strong></span> <span class='ocrx_word' id='word_1_156' title='bbox 1117 2856 1195 2899; x_wconf 87' lang='lat' dir='ltr'><strong>curn</strong></span> 
     </span>
     <span class='ocr_line' id='line_1_25' title="bbox 252 2933 1196 3009; baseline 0 -13"><span class='ocrx_word' id='word_1_157' title='bbox 252 2933 408 2996; x_wconf 87' lang='lat' dir='ltr'><strong>omuibus</strong></span> <span class='ocrx_word' id='word_1_158' title='bbox 438 2933 510 2994; x_wconf 87' lang='lat' dir='ltr'><strong>suis</strong></span> <span class='ocrx_word' id='word_1_159' title='bbox 535 2933 571 2994; x_wconf 92' lang='lat' dir='ltr'><strong>in</strong></span> <span class='ocrx_word' id='word_1_160' title='bbox 595 2933 743 2995; x_wconf 89' lang='lat' dir='ltr'><strong>subitum</strong></span> <span class='ocrx_word' id='word_1_161' title='bbox 771 2939 936 2997; x_wconf 87' lang='lat' dir='ltr'><strong>terrorem</strong></span> <span class='ocrx_word' id='word_1_162' title='bbox 958 2936 1137 3009; x_wconf 88' lang='lat' dir='ltr'><strong>convertit,</strong></span> <span class='ocrx_word' id='word_1_163' title='bbox 1161 2941 1196 2997; x_wconf 88' lang='lat' dir='ltr'><strong>et</strong></span> 
     </span>
     <span class='ocr_line' id='line_1_26' title="bbox 251 3020 1069 3112; baseline 0.004 -20"><span class='ocrx_word' id='word_1_164' title='bbox 251 3020 422 3094; x_wconf 87' lang='lat' dir='ltr'><strong>redditum</strong></span> <span class='ocrx_word' id='word_1_165' title='bbox 437 3031 502 3092; x_wconf 89' lang='lat' dir='ltr'><strong>sibi</strong></span> <span class='ocrx_word' id='word_1_166' title='bbox 514 3031 695 3094; x_wconf 89' lang='lat' dir='ltr'><strong>castellum</strong></span> <span class='ocrx_word' id='word_1_167' title='bbox 714 3031 875 3112; x_wconf 89' lang='lat' dir='ltr'><strong>episcopo</strong></span> <span class='ocrx_word' id='word_1_168' title='bbox 890 3033 1069 3096; x_wconf 88' lang='lat' dir='ltr'><strong>commisit.</strong></span> 
     </span>
     <span class='ocr_line' id='line_1_27' title="bbox 295 3127 1194 3210; baseline 0.002 -17"><span class='ocrx_word' id='word_1_169' title='bbox 295 3128 419 3196; x_wconf 87' lang='lat' dir='ltr'><strong>Comes</strong></span> <span class='ocrx_word' id='word_1_170' title='bbox 435 3129 558 3192; x_wconf 91' lang='lat' dir='ltr'><strong>deinde</strong></span> <span class='ocrx_word' id='word_1_171' title='bbox 574 3127 750 3192; x_wconf 84' lang='lat' dir='ltr'><strong>Glaorniae</strong></span> <span class='ocrx_word' id='word_1_172' title='bbox 767 3136 806 3191; x_wconf 91' lang='lat' dir='ltr'><strong>ut</strong></span> <span class='ocrx_word' id='word_1_173' title='bbox 828 3137 904 3192; x_wconf 91' lang='lat' dir='ltr'><strong>erat</strong></span> <span class='ocrx_word' id='word_1_174' title='bbox 926 3131 1017 3210; x_wconf 83' lang='lat' dir='ltr'><strong>regis</strong></span> <span class='ocrx_word' id='word_1_175' title='bbox 1032 3131 1194 3195; x_wconf 87' lang='lat' dir='ltr'><strong>adversa-</strong></span> 
     </span>
     <span class='ocr_line' id='line_1_28' title="bbox 251 3225 1196 3309; baseline 0.003 -19"><span class='ocrx_word' id='word_1_176' title='bbox 251 3227 378 3290; x_wconf 88' lang='lat' dir='ltr'><strong>riorum</strong></span> <span class='ocrx_word' id='word_1_177' title='bbox 409 3274 583 3290; x_wconf 86' lang='grc'><strong>......</strong></span> <span class='ocrx_word' id='word_1_178' title='bbox 607 3235 642 3289; x_wconf 90' lang='lat' dir='ltr'><strong>et</strong></span> <span class='ocrx_word' id='word_1_179' title='bbox 662 3225 705 3288; x_wconf 91' lang='lat' dir='ltr'><strong>ad</strong></span> <span class='ocrx_word' id='word_1_180' title='bbox 729 3245 856 3306; x_wconf 85' lang='lat' dir='ltr'><strong>magna</strong></span> <span class='ocrx_word' id='word_1_181' title='bbox 877 3229 1009 3309; x_wconf 84' lang='lat' dir='ltr'><strong>quaevis</strong></span> <span class='ocrx_word' id='word_1_182' title='bbox 1033 3229 1196 3293; x_wconf 89' lang='lat' dir='ltr'><strong>struenda</strong></span> 
     </span>
     <span class='ocr_line' id='line_1_29' title="bbox 250 3325 1196 3406; baseline 0.005 -18"><span class='ocrx_word' id='word_1_183' title='bbox 250 3325 502 3406; x_wconf 90' lang='lat' dir='ltr'><strong>paratissimus,</strong></span> <span class='ocrx_word' id='word_1_184' title='bbox 540 3325 663 3386; x_wconf 88' lang='lat' dir='ltr'><strong>iterum</strong></span> <span class='ocrx_word' id='word_1_185' title='bbox 708 3331 814 3406; x_wconf 89' lang='lat' dir='ltr'><strong>atque</strong></span> <span class='ocrx_word' id='word_1_186' title='bbox 848 3326 971 3389; x_wconf 88' lang='lat' dir='ltr'><strong>iterum</strong></span> <span class='ocrx_word' id='word_1_187' title='bbox 1006 3327 1196 3393; x_wconf 84' lang='lat' dir='ltr'><strong>exercitum</strong></span> 
     </span>
     <span class='ocr_line' id='line_1_30' title="bbox 253 3422 1195 3505; baseline -0.001 -16"><span class='ocrx_word' id='word_1_188' title='bbox 253 3469 427 3489; x_wconf 88' lang='grc'><strong>......</strong></span> <span class='ocrx_word' id='word_1_189' title='bbox 450 3440 539 3498; x_wconf 86' lang='lat' dir='ltr'><strong>rare,</strong></span> <span class='ocrx_word' id='word_1_190' title='bbox 557 3423 635 3505; x_wconf 83' lang='lat' dir='ltr'><strong>jugi</strong></span> <span class='ocrx_word' id='word_1_191' title='bbox 658 3422 873 3499; x_wconf 85' lang='lat' dir='ltr'><strong>hortaminis,</strong></span> <span class='ocrx_word' id='word_1_192' title='bbox 891 3432 926 3488; x_wconf 87' lang='lat' dir='ltr'><strong>et</strong></span> <span class='ocrx_word' id='word_1_193' title='bbox 953 3425 1195 3490; x_wconf 87' lang='lat' dir='ltr'><strong>admonitionis</strong></span> 
     </span>
     <span class='ocr_line' id='line_1_31' title="bbox 250 3520 1195 3602; baseline 0.002 -18"><span class='ocrx_word' id='word_1_194' title='bbox 250 3520 389 3584; x_wconf 88' lang='lat' dir='ltr'><strong>stimulo</strong></span> <span class='ocrx_word' id='word_1_195' title='bbox 427 3521 610 3602; x_wconf 86' lang='lat' dir='ltr'><strong>complices</strong></span> <span class='ocrx_word' id='word_1_196' title='bbox 644 3537 725 3584; x_wconf 87' lang='lat' dir='ltr'><strong>suos</strong></span> <span class='ocrx_word' id='word_1_197' title='bbox 766 3522 936 3598; x_wconf 81' lang='lat' dir='ltr'><strong>incitavit,</strong></span> <span class='ocrx_word' id='word_1_198' title='bbox 965 3523 1044 3587; x_wconf 88' lang='lat' dir='ltr'><strong>illos</strong></span> <span class='ocrx_word' id='word_1_199' title='bbox 1082 3525 1195 3600; x_wconf 76' lang='lat' dir='ltr'><strong>miniS,</strong></span> 
     </span>
     <span class='ocr_line' id='line_1_32' title="bbox 249 3611 1194 3704; baseline 0 -19"><span class='ocrx_word' id='word_1_200' title='bbox 249 3621 336 3686; x_wconf 86' lang='lat' dir='ltr'><strong>istos</strong></span> <span class='ocrx_word' id='word_1_201' title='bbox 360 3611 537 3701; x_wconf 85' lang='lat' dir='ltr'><strong>promissis</strong></span> <span class='ocrx_word' id='word_1_202' title='bbox 563 3621 691 3695; x_wconf 73' lang='lat' dir='ltr'><strong>sibiet</strong></span> <span class='ocrx_word' id='word_1_203' title='bbox 715 3621 866 3702; x_wconf 87' lang='lat' dir='ltr'><strong>praemiis</strong></span> <span class='ocrx_word' id='word_1_204' title='bbox 881 3622 1084 3704; x_wconf 81' lang='lat' dir='ltr'><strong>conjugare3</strong></span> <span class='ocrx_word' id='word_1_205' title='bbox 1109 3642 1194 3704; x_wconf 91' lang='lat' dir='ltr'><strong>qua-</strong></span> 
     </span>
     <span class='ocr_line' id='line_1_33' title="bbox 251 3719 1196 3794; baseline 0.001 -14"><span class='ocrx_word' id='word_1_206' title='bbox 251 3719 344 3780; x_wconf 91' lang='lat' dir='ltr'><strong>tinus</strong></span> <span class='ocrx_word' id='word_1_207' title='bbox 367 3737 485 3781; x_wconf 85' lang='lat' dir='ltr'><strong>omnes</strong></span> <span class='ocrx_word' id='word_1_208' title='bbox 509 3719 666 3782; x_wconf 50' lang='lat' dir='ltr'><strong>invunam</strong></span> <span class='ocrx_word' id='word_1_209' title='bbox 689 3719 920 3794; x_wconf 87' lang='lat' dir='ltr'><strong>concordiam,</strong></span> <span class='ocrx_word' id='word_1_210' title='bbox 940 3720 975 3782; x_wconf 87' lang='lat' dir='ltr'><strong>in</strong></span> <span class='ocrx_word' id='word_1_211' title='bbox 1002 3739 1106 3781; x_wconf 88' lang='lat' dir='ltr'><strong>unum</strong></span> <span class='ocrx_word' id='word_1_212' title='bbox 1124 3721 1196 3782; x_wconf 87' lang='lat' dir='ltr'><strong>ani-</strong></span> 
     </span>
     <span class='ocr_line' id='line_1_34' title="bbox 254 3816 1196 3897; baseline 0.002 -19"><span class='ocrx_word' id='word_1_213' title='bbox 254 3835 346 3879; x_wconf 91' lang='lat' dir='ltr'><strong>mum</strong></span> <span class='ocrx_word' id='word_1_214' title='bbox 359 3816 559 3897; x_wconf 87' lang='lat' dir='ltr'><strong>conspirati,</strong></span> <span class='ocrx_word' id='word_1_215' title='bbox 569 3817 760 3879; x_wconf 85' lang='lat' dir='ltr'><strong>exercitum</strong></span> <span class='ocrx_word' id='word_1_216' title='bbox 771 3836 790 3879; x_wconf 88' lang='lat' dir='ltr'><strong>e</strong></span> <span class='ocrx_word' id='word_1_217' title='bbox 801 3816 936 3880; x_wconf 86' lang='lat' dir='ltr'><strong>diverso</strong></span> <span class='ocrx_word' id='word_1_218' title='bbox 946 3817 991 3880; x_wconf 91' lang='lat' dir='ltr'><strong>ad</strong></span> <span class='ocrx_word' id='word_1_219' title='bbox 1005 3817 1095 3883; x_wconf 90' lang='lat' dir='ltr'><strong>idem</strong></span> <span class='ocrx_word' id='word_1_220' title='bbox 1107 3817 1196 3880; x_wconf 89' lang='lat' dir='ltr'><strong>velle</strong></span> 
     </span>
     <span class='ocr_line' id='line_1_35' title="bbox 252 3914 1195 3999; baseline 0 -23"><span class='ocrx_word' id='word_1_221' title='bbox 252 3921 463 3996; x_wconf 87' lang='lat' dir='ltr'><strong>repararent,</strong></span> <span class='ocrx_word' id='word_1_222' title='bbox 481 3923 527 3990; x_wconf 91' lang='lat' dir='ltr'><strong>et,</strong></span> <span class='ocrx_word' id='word_1_223' title='bbox 546 3914 699 3977; x_wconf 86' lang='lat' dir='ltr'><strong>collectis</strong></span> <span class='ocrx_word' id='word_1_224' title='bbox 724 3915 961 3999; x_wconf 89' lang='lat' dir='ltr'><strong>undecumque</strong></span> <span class='ocrx_word' id='word_1_225' title='bbox 988 3916 1195 3996; x_wconf 82' lang='lat' dir='ltr'><strong>agminibus,</strong></span> 
     </span>
     <span class='ocr_line' id='line_1_36' title="bbox 251 4005 1196 4093; baseline 0.001 -17"><span class='ocrx_word' id='word_1_226' title='bbox 251 4013 343 4088; x_wconf 77' lang='lat' dir='ltr'><strong>vive,</strong></span> <span class='ocrx_word' id='word_1_227' title='bbox 361 4020 396 4076; x_wconf 89' lang='lat' dir='ltr'><strong>et</strong></span> <span class='ocrx_word' id='word_1_228' title='bbox 413 4005 612 4075; x_wconf 85' lang='lat' dir='ltr'><strong>constanter</strong></span> <span class='ocrx_word' id='word_1_229' title='bbox 634 4014 669 4077; x_wconf 88' lang='lat' dir='ltr'><strong>in</strong></span> <span class='ocrx_word' id='word_1_230' title='bbox 686 4031 801 4092; x_wconf 83' lang='lat' dir='ltr'><strong>regem</strong></span> <span class='ocrx_word' id='word_1_231' title='bbox 816 4013 1044 4093; x_wconf 82' lang='lat' dir='ltr'><strong>insurgerent.</strong></span> <span class='ocrx_word' id='word_1_232' title='bbox 1098 4013 1196 4077; x_wconf 90' lang='lat' dir='ltr'><strong>Cete-</strong></span> 
     </span>
     <span class='ocr_line' id='line_1_37' title="bbox 252 4110 1196 4194; baseline 0.001 -22"><span class='ocrx_word' id='word_1_233' title='bbox 252 4110 341 4187; x_wconf 86' lang='lat' dir='ltr'><strong>rirm,</strong></span> <span class='ocrx_word' id='word_1_234' title='bbox 360 4110 441 4192; x_wconf 91' lang='lat' dir='ltr'><strong>quia</strong></span> <span class='ocrx_word' id='word_1_235' title='bbox 463 4130 531 4172; x_wconf 91' lang='lat' dir='ltr'><strong>uon</strong></span> <span class='ocrx_word' id='word_1_236' title='bbox 555 4117 606 4174; x_wconf 89' lang='lat' dir='ltr'><strong>est</strong></span> <span class='ocrx_word' id='word_1_237' title='bbox 630 4110 812 4191; x_wconf 88' lang='lat' dir='ltr'><strong>sapientia,</strong></span> <span class='ocrx_word' id='word_1_238' title='bbox 828 4131 897 4174; x_wconf 91' lang='lat' dir='ltr'><strong>non</strong></span> <span class='ocrx_word' id='word_1_239' title='bbox 919 4120 973 4175; x_wconf 90' lang='lat' dir='ltr'><strong>est</strong></span> <span class='ocrx_word' id='word_1_240' title='bbox 1002 4112 1196 4194; x_wconf 88' lang='lat' dir='ltr'><strong>prudentia,</strong></span> 
     </span>
     <span class='ocr_line' id='line_1_38' title="bbox 253 4209 1198 4287; baseline 0.003 -17"><span class='ocrx_word' id='word_1_241' title='bbox 253 4229 320 4274; x_wconf 90' lang='lat' dir='ltr'><strong>non</strong></span> <span class='ocrx_word' id='word_1_242' title='bbox 349 4217 402 4273; x_wconf 90' lang='lat' dir='ltr'><strong>est</strong></span> <span class='ocrx_word' id='word_1_243' title='bbox 435 4209 616 4273; x_wconf 85' lang='lat' dir='ltr'><strong>consilium</strong></span> <span class='ocrx_word' id='word_1_244' title='bbox 644 4216 765 4274; x_wconf 87' lang='lat' dir='ltr'><strong>contra</strong></span> <span class='ocrx_word' id='word_1_245' title='bbox 795 4209 994 4287; x_wconf 87' lang='lat' dir='ltr'><strong>Dominum,</strong></span> <span class='ocrx_word' id='word_1_246' title='bbox 1033 4210 1112 4271; x_wconf 91' lang='lat' dir='ltr'><strong>dum</strong></span> <span class='ocrx_word' id='word_1_247' title='bbox 1139 4211 1198 4273; x_wconf 89' lang='lat' dir='ltr'><strong>ille</strong></span> 
     </span>
    </p>
   </div>
   <div class='ocr_carea' id='block_1_3' title="bbox 1045 4331 1095 4381">
    <p class='ocr_par' dir='ltr' id='par_1_3' title="bbox 1045 4331 1095 4381">
     <span class='ocr_line' id='line_1_39' title="bbox 1045 4331 1095 4381; baseline -0.06 0"><span class='ocrx_word' id='word_1_248' title='bbox 1045 4331 1095 4381; x_wconf 70' lang='lat'><strong>112</strong></span> 
     </span>
    </p>
   </div>
   <div class='ocr_carea' id='block_1_4' title="bbox 0 0 1597 5000">
    <p class='ocr_par' dir='ltr' id='par_1_4' title="bbox 0 0 1597 5000">
     <span class='ocr_line' id='line_1_40' title="bbox 0 0 1597 5000; baseline 0 0"><span class='ocrx_word' id='word_1_249' title='bbox 0 0 1597 5000; x_wconf 95' lang='lat' dir='ltr'><strong> </strong></span> 
     </span>
    </p>
   </div>
  </div>
 </body>
</html>
