3167 5000
535 451 641 498 aneis
666 452 880 500 iucnonon.
1164 441 1196 502 7·

231 605 267 668 in
284 625 391 686 regno
408 606 681 671 confirmandum
708 628 827 672 omnes
845 611 974 691 pariter
988 611 1184 688 convolent,

231 705 374 786 parique
404 725 576 770 consensu
609 707 691 789 quid
716 709 950 786 statuendum,
975 709 1102 791 quidve
1132 731 1185 774 re-

230 804 420 885 spuendum
439 807 497 881 sit,
514 806 558 868 ab
576 807 735 870 omnibns
752 808 996 888 provideatur!
1044 807 1185 892 Adjecit

231 911 267 965 ot
309 923 424 984 regem
466 905 670 980 Henricum,
709 904 787 968 cum
827 906 1018 983 adviveret,
1057 909 1184 990 primos

233 1003 341 1066 totius
372 1004 469 1084 regni
491 1004 686 1089 arctissimo
711 1005 960 1070 constrinxisse
983 1005 1184 1090 jurejuran-
1223 1025 1229 1036 ·

232 1100 288 1178 do,
304 1121 347 1165 ne
363 1121 465 1184 quem
483 1109 562 1184 post
577 1103 669 1165 illius
688 1101 888 1180 discessum,
905 1106 971 1168 nisi
987 1111 1049 1168 aut
1063 1105 1182 1182 filiam,

231 1218 335 1280 quam
364 1200 481 1264 comiti
508 1200 755 1282 Andegavensi
775 1201 968 1282 maritarat,
990 1212 1053 1266 aut
1076 1205 1182 1282 illins,

232 1299 263 1360 si
284 1299 523 1381 superfuisset,
546 1300 727 1377 haeredem,
753 1300 789 1364 in
815 1321 923 1382 regno
947 1303 1182 1384 susciperent:

231 1397 376 1480 ideoque
416 1408 729 1482 praesumptuosum
768 1420 844 1464 esse
882 1402 1057 1483 quippiam
1102 1402 1183 1466 hnic

233 1503 366 1561 statuto
389 1497 575 1561 adversum
602 1498 690 1563 velle
711 1499 843 1563 moliri:
870 1499 1021 1563 maxime
1042 1499 1121 1564 edm
1147 1509 1183 1565 et

231 1596 303 1658 filia
320 1596 395 1680 ejus
415 1605 592 1679 superstes
611 1604 716 1674 esset,
734 1605 769 1660 et
786 1599 959 1662 haeredum
976 1599 1091 1681 gratitr
1112 1621 1182 1664 non

232 1696 437 1776 privaretur.
490 1698 546 1759 Ad
571 1697 645 1759 haec
672 1697 764 1776 regis
792 1697 1000 1779 suffraganei
1021 1705 1324 1778 constan-irrumat.

231 1800 284 1857 ter
306 1795 568 1877 responderunt,
585 1795 763 1872 ‘Verum,·'
781 1797 955 1878 inquiunt,
975 1803 1059 1861 ‘neo
1077 1799 1182 1862 abne·
1193 1768 1343 1867 gppffim

181 1977 182 1982 ἵ
232 1893 397 1973 gendum,
433 1913 549 1974 regem
577 1893 767 1958 Henricum
807 1896 942 1960 callidae
981 1897 1181 1961 intentionis

232 1994 410 2075 proposito
428 1993 533 2056 filiam
550 1993 781 2074 despondisse,
802 1997 965 2076 quatinus
981 1996 1071 2059 iuter
1087 1995 1195 2060 Nor·.
1269 1987 1272 1992 ’

232 2110 388 2169 mannos,
406 2098 441 2156 et
468 2091 751 2174 AndegavenseS,
779 2095 838 2175 qui
864 2113 902 2157 se
928 2096 1056 2176 saepius
1080 2096 1181 2159 dissi·

230 2191 342 2254 dendo
359 2189 552 2275 turbarant,
577 2191 709 2255 firmius
731 2199 767 2256 et
783 2191 942 2257 stabilias
963 2213 1085 2276 pacem
1098 2213 1181 2258 con-

234 2290 381 2354 ciliaret.
432 2288 489 2353 Ad
521 2291 633 2372 ipsam
666 2311 804 2374 quoque
845 2292 1087 2356 haeredandam
1121 2295 1182 2357 im·

231 2389 368 2472 perioso
385 2388 458 2464 illo,
485 2390 541 2452 cui
568 2389 684 2452 nullus
711 2391 914 2467 obsistebat,
931 2392 1000 2456 oris
1018 2393 1182 2470 tonitruo,

231 2508 384 2553 summos
415 2489 523 2552 totius
559 2489 658 2570 regni
697 2489 818 2572 jurare
855 2491 1022 2573 compulit
1064 2490 1181 2574 potids

232 2586 337 2670 quam
371 2589 548 2671 praecepit.
600 2588 662 2652 Et·
674 2608 874 2672 quanquam
902 2592 1040 2656 eosdem
1071 2591 1181 2655 invite

227 2687 359 2770 jurare,
370 2688 675 2770 juramentumque
689 2688 781 2752 haud
800 2696 914 2753 ratum
935 2690 1009 2754 fore
1026 2709 1180 2772 praenos-

232 2794 337 2863 ceret,
366 2787 475 2850 voluit
505 2793 634 2863 tamen,
659 2807 753 2850 more
772 2788 974 2865 Ezechielis
998 2790 1034 2851 in
1059 2789 1182 2853 diebus

230 2905 352 2967 pacem
391 2886 587 2961 reformare,
622 2906 750 2968 perque
782 2887 884 2950 unius
917 2888 1070 2951 mulieris
1098 2908 1181 2952 con·

228 2984 367 3067 juginm
390 2984 500 3048 multa
518 2984 694 3048 hominum
721 2986 830 3049 millia
850 2986 894 3049 ad
912 2987 1104 3061 concordiae
1120 2988 1181 3050 ad-

231 3086 378 3148 sciscere
410 3084 592 3164 glutinum.
650 3083 769 3165 thue
795 3092 955 3167 patenter
978 3104 1183 3167 agnoscere·
1282 3076 1284 3079 ⁵

234 3202 322 3259 mue,
339 3182 431 3264 quod
447 3184 479 3245 ei
496 3184 531 3245 in
552 3180 626 3247 vita
643 3182 738 3247 certa
764 3184 807 3246 de
831 3183 937 3247 cansa
961 3184 1182 3266 complacuit,

228 3289 312 3363 post
328 3288 473 3344 mortem
489 3289 529 3346 ut
545 3282 653 3343 fixum
668 3282 758 3345 foret
773 3282 1002 3363 displicuisse,
1020 3302 1182 3365 supremo

148 3424 149 3427 κ
232 3400 310 3445 eum
341 3378 498 3461 agitante
527 3379 647 3443 mortis
678 3381 838 3457 articulo,
872 3378 949 3447 edm
979 3391 1014 3445 et
1044 3382 1183 3464 plurimi

232 3486 400 3555 astarent,
432 3485 468 3542 et
500 3497 616 3543 veram
660 3498 801 3542 suorum
834 3487 1009 3544 erratuum
1047 3480 1181 3545 conses-

233 3580 361 3643 sionem
384 3577 555 3654 audirent,
578 3578 620 3641 de
637 3576 866 3661 jurejurando
892 3580 1061 3643 violenter
1076 3582 1184 3645 Baro·

187 3713 189 3715 ·
233 3679 333 3741 nibus
350 3678 421 3740 suis
439 3677 595 3760 injuncto
613 3676 830 3759 apertissime
847 3679 1022 3759 poenituit.
1069 3678 1185 3755 Unde,

232 3778 315 3859 quia
341 3783 477 3839 constat
499 3796 600 3839 omne
619 3777 864 3859 jusjurandum
891 3794 913 3838 a
938 3776 1091 3857 quolibet
1106 3797 1183 3840 oum

232 3874 398 3941 violentia
413 3882 590 3938 extortum
608 3876 718 3955 ipsam
733 3874 874 3956 perjurii
888 3872 1073 3939 efficaciam
1091 3876 1186 3958 peni-

234 3974 290 4039 tds
315 3974 484 4051 amisisse,
506 3993 627 4037 sanum
651 3981 715 4050 est,
738 3972 980 4056 praecipueque
1003 3981 1185 4057 acceptan-

233 4075 326 4151 dum,
350 4093 428 4137 eum
453 4072 496 4138 ad
526 4072 740 4153 regnandum
767 4072 849 4135 laete
874 4073 1060 4154 suscipere,
1083 4094 1187 4156 quem

234 4180 269 4237 et
283 4192 454 4237 summum
473 4172 581 4237 totius
600 4173 696 4253 regni
716 4179 821 4253 caput
845 4172 919 4236 sine
935 4173 1074 4255 repulsu
1094 4172 1186 4237 Lon·
