3167 5000
545 481 650 532 neers
678 481 893 532 aserenon.
1152 469 1198 534 23

292 635 380 702 Cum
407 635 516 718 igitur
542 657 659 704 omnes
699 635 870 705 laboriose
905 639 1134 718 decertarent,
1159 649 1196 705 et

242 735 301 802 isti
321 737 459 818 quidem
475 743 515 800 ut
529 737 683 802 reclusos
700 737 933 817 devincerent,
955 738 1007 802 illi
1023 746 1137 805 autem
1154 747 1194 805 ut
1275 790 1279 801 .

150 848 154 857 ·
240 854 277 898 se
295 836 340 899 ab
357 836 508 904 exclusis
523 835 802 920 inexpugnanter
813 838 1045 915 defenderent,
1062 839 1191 906 milites

240 935 416 1012 Baldvini,
438 934 563 1018 quibus
580 937 787 1006 observandi
804 939 939 1005 castelli
961 939 1017 1004 eui
1033 938 1075 1004 de
1092 939 1189 1004 Plin-
1202 957 1328 1007 seretur

1200 1008 1304 1056 petitione
1312 1009 1344 1047 ior

241 1032 325 1100 toni
360 1054 478 1106 curam
507 1035 707 1115 indulserat,
741 1045 883 1120 propter
913 1037 1188 1120 inseparabilem,
1201 1058 1350 1147 gppppferpp

239 1153 343 1215 quam
367 1135 487 1206 adesse
513 1155 592 1206 cum
617 1156 698 1218 rege
723 1134 919 1213 audierant,
941 1137 1119 1215 virtutem,
1145 1138 1344 1247 defpmxrtonto

238 1233 376 1298 domino
405 1253 469 1298 suo
497 1234 730 1318 desperantes,
763 1243 798 1302 et
827 1257 870 1302 ne
892 1237 975 1304 vitae
999 1255 1072 1302 suar
1098 1238 1189 1320 peri·
1225 1218 1238 1247 ⁰
1269 1209 1313 1259 Μ’

239 1333 353 1396 culum
375 1333 602 1412 incurrerent,
616 1343 657 1402 ut
682 1335 895 1413 inertissimi,
912 1342 947 1404 et
960 1336 1190 1402 inconstantis

239 1432 356 1510 animi,
402 1434 482 1516 plns
523 1433 621 1519 justo
662 1434 898 1513 formidantes,
936 1435 980 1499 de
1018 1436 1190 1502 reddendo

239 1533 382 1598 castello
411 1534 576 1616 pacisque
591 1532 776 1600 concordii
802 1535 894 1602 iuter
919 1553 979 1602 eos
1004 1533 1190 1602 statuendi

238 1631 312 1713 regi
342 1632 478 1698 occulte
508 1634 684 1700 miserunt.
738 1634 819 1700 Rex
852 1633 971 1724 itaque
995 1635 1126 1699 malens
1153 1636 1189 1702 in

239 1732 348 1814 pacis,
378 1738 413 1796 et
442 1733 633 1800 concordiae
661 1751 778 1800 amore
811 1731 953 1801 ¹cuncta
974 1753 1189 1817 componere,

238 1829 343 1913 quam
361 1831 512 1902 schisma
528 1833 752 1899 dissensionis
766 1833 1010 1915 quoquomodo
1023 1835 1188 1913 enutrire,

223 1930 357 2004 ,libenti
398 1931 515 2014 animo
550 1951 776 2015 quaecumque
807 1932 1027 2013 postularant
1056 1934 1189 2010 annuit,

239 2029 423 2095 dummodd
439 2050 477 2096 se
498 2031 642 2115 imperio
667 2052 732 2096 suo
752 2031 970 2109 inclinantes,
993 2051 1071 2114 quae
1093 2033 1190 2114 pacis

238 2138 354 2194 essent
368 2137 443 2196 toto
461 2131 537 2196 uhu
561 2131 769 2198 excolerent.
821 2131 926 2196 Datis
943 2131 1090 2214 denique
1103 2131 1189 2196 dex·

239 2230 301 2294 tris
332 2237 367 2294 et
404 2231 568 2312 acceptiS,
598 2231 738 2298 ducenti
774 2230 914 2308 milites,
951 2250 1031 2296 cum
1057 2230 1190 2313 ingenti

235 2328 478 2412 sagittantium
500 2350 622 2408 cuneo,
643 2350 748 2413 penes
767 2330 965 2396 Plintonam
982 2329 1190 2412 diriguntur,

236 2428 416 2514 primoque
459 2429 611 2496 diluculo
658 2438 739 2497 ante
778 2430 963 2494 castellum
1007 2430 1327 2513 inopinatorum.

237 2529 373 2594 loricati
423 2535 578 2594 astantes
615 2532 806 2597 maximum
839 2530 1185 2613 comprovincialibus
1196 2505 1347 2598 ἷῖἑῗῗῖἷὶἳηω

237 2636 414 2705 terrorem,
440 2636 475 2693 et
491 2629 664 2713 praecipue
686 2630 790 2715 hujus
813 2630 972 2697 factionis
993 2630 1110 2695 insciis
1131 2631 1185 2694 in·
1198 2606 1318 2655 mmm

238 2729 419 2806 cutientes,
444 2730 489 2795 ah
504 2728 590 2811 ipsis
615 2730 848 2812 proditoribus
869 2730 969 2812 quasi
992 2748 1056 2810 pro
1077 2730 1186 2811 impo-

234 2826 347 2900 tentia
375 2826 546 2893 obsidioni
569 2830 729 2893 resistere
754 2849 823 2895 non
846 2827 1053 2905 valentibus,
1074 2828 1188 2892 reddi·

239 2935 313 2991 tum
347 2927 526 2994 castellum
558 2929 696 2993 tandem
727 2928 930 3009 suscipiunt.
998 2926 1079 3005 Quo
1109 2947 1189 3009 pos-

237 3026 347 3101 tremo
370 3034 542 3109 suscepto,
559 3028 718 3110 regisque
738 3047 782 3093 ex
802 3026 960 3111 jussione
984 3028 1061 3091 eolo
1087 3034 1188 3091 tenus

240 3126 368 3204 diruto,
386 3146 521 3192 omnem
541 3127 703 3193 Baldvini
721 3133 860 3203 terram,
877 3144 955 3207 quae
971 3126 1008 3189 in
1023 3126 1093 3189 illis
1108 3146 1187 3207 par·

239 3226 331 3302 tibus
371 3226 488 3308 ampla
528 3234 583 3291 est
620 3235 655 3290 et
693 3226 919 3301 delectabilis,
962 3224 1189 3307 omnibusque

236 3324 382 3390 affluens
409 3325 520 3401 honis»,
542 3324 696 3389 horribili
720 3324 976 3405 depraedatione
1006 3322 1187 3400 nudantes,

237 3443 317 3488 cum
355 3423 473 3489 multis
511 3442 668 3505 gregum,
701 3429 740 3488 et
771 3428 1004 3488 armentorum
1035 3422 1187 3487 millibus

240 3523 415 3599 Esoniam,
431 3524 475 3589 ad
498 3542 626 3605 regem,
648 3523 833 3587 redierunt.
878 3519 974 3586 iAlia
989 3542 1051 3603 per
1067 3541 1185 3587 omnes
1198 3555 1355 3595 oneum„

238 3620 461 3691 ³Damnoniae
477 3630 594 3705 partes
604 3620 696 3689 fama
704 3623 938 3705 dispergente,
951 3639 1069 3686 omnes
1078 3623 1185 3686 Bald-
1198 3605 1356 3695 ffliiiih,

238 3724 311 3788 viui
337 3722 582 3805 astipulatores
613 3722 679 3787 sibi
711 3721 914 3804 pericnlum,
946 3721 1048 3783 rebus
1070 3720 1187 3803 jactu·
1200 3706 1265 3755 ‘¹¹¹⁸’

142 3868 149 3872 -
239 3842 312 3885 ram
329 3842 372 3886 ex
390 3822 481 3903 regis
501 3821 567 3887 sibi
592 3822 820 3887 insectatione
842 3818 1053 3883 inferendam
1069 3819 1188 3882 admo·

240 3920 322 3985 dhm
345 3927 548 3997 metuentes,
572 3921 602 3983 ei
620 3940 658 3983 se
680 3919 854 4002 supplices
880 3918 1109 3994 contulerunt,
1132 3937 1190 3982 ex·

240 4092 252 4176 1,
274 4122 281 4151 ¹
300 4122 597 4186 ‘crmcta'Duchesra
727 4121 769 4171 the
802 4121 883 4178 better
910 4119 1016 4182 reading
1043 4120 1130 4181 ¹would
1163 4120 1194 4168 be

274 4190 396 4256 ²‘Alia,’
415 4195 442 4241 in
461 4193 502 4241 the
519 4206 592 4241 sense
612 4192 641 4240 ol
660 4206 703 4251 ex·
728 4190 815 4239 ‘Illa’

238 4264 382 4327 aggerated.
435 4262 560 4324 Perhaps,
576 4258 703 4323 however,
762 4258 773 4291 ⁸
789 4261 798 4288 ‘
807 4254 977 4322 Damnoniae,'
991 4258 1160 4309 Devonehire.
