3167 5000
409 460 454 522 58
720 473 832 520 casm
861 472 1055 532 srnruaru,

249 649 274 687 n
276 647 392 688 ruminae
462 627 544 692 Fuit
559 626 601 692 ee
621 635 825 711 tempestate
842 629 992 692 Brianus
1018 627 1110 690 filius
1131 625 1286 702 Comitis,
1306 628 1361 690 vir

248 698 397 787 ⁰iRi¹r⁸t¹l²¹²
408 747 533 808 genere
564 727 690 803 clame,
720 736 754 791 et
783 728 950 809 dignitate
983 725 1197 806 magnificus,
1227 729 1287 807 qui
1316 727 1359 789 de

407 827 544 891 illorum
566 827 718 890 adventu
741 827 865 891 eximie
887 826 1093 902 laetificatus,
1108 825 1271 888 firmato
1261 845 1360 888 mex-

408 927 597 1008 pugnabili,
613 927 704 1008 quod
727 945 832 1008 penes
845 925 1160 1006 Walengefordiam
1179 925 1358 999 habuerat,

408 1025 560 1102 castello,
575 1045 654 1090 curn
668 1025 815 1088 militum
829 1023 1064 1105 ingentissimb
1078 1021 1179 1106 copie
1194 1023 1360 1086 adversus

407 1144 523 1204 regem
540 1124 629 1202 vive,
649 1131 684 1188 et
698 1123 971 1189 constantissime
993 1122 1182 1187 rebellavit.
1234 1121 1303 1185 Sed
1325 1128 1361 1185 et

261 1253 310 1282 no
368 1253 381 1282 ο
410 1223 497 1286 Milo
522 1223 580 1287 ille
606 1225 734 1305 primas
762 1221 1010 1298 Glaornensis,¹
1026 1223 1069 1285 de
1098 1241 1167 1303 quo
1199 1220 1359 1301 superibs

248 1304 286 1382 ⁰01.
409 1322 558 1403 paucula
579 1322 847 1403 praelibavimus,
862 1318 1017 1396 mentite,
1033 1340 1137 1403 quam
1162 1321 1237 1400 regi
1262 1321 1358 1401 pepi-

408 1429 518 1501 gerat,
533 1421 611 1497 fide,
626 1420 843 1484 tenacissime
866 1438 904 1482 se
919 1427 1039 1483 contra
1053 1439 1131 1482 eum
1146 1419 1267 1494 erexit,
1282 1437 1359 1481 sus·

408 1521 597 1601 ceptisque,
613 1526 784 1602 quotquot
805 1518 856 1582 -ad
885 1537 964 1581 eum
993 1518 1242 1592 confluxerant,
1267 1519 1360 1597 regis

409 1618 625 1694 adversariis,
640 1638 776 1682 omnem
791 1619 828 1680 in
842 1617 1163 1700 circumjacentibus
1184 1616 1360 1679 comitatui

410 1715 585 1780 Glaorniae
607 1717 791 1799 provinciis
814 1716 1113 1797 depopulationem
1132 1715 1260 1795 exegit.
1314 1715 1360 1776 Et

409 1834 500 1878 nunc
526 1815 664 1896 quidem
690 1816 733 1879 de
755 1815 990 1878 remotissimis
1005 1814 1144 1896 Angliae
1162 1814 1287 1876 finibus
1307 1814 1359 1876 in-

410 1915 630 1978 numerabilis
646 1914 879 1977 'multitudinis
895 1914 1059 1977 animalia
1074 1913 1254 1987 abducere,
1269 1931 1361 1975 nunc

410 2032 496 2094 quos
519 2015 611 2077 circa
629 2033 666 2076 se
691 2012 770 2089 fide,
786 2019 821 2076 et
842 2012 993 2076 hominio
1014 2013 1087 2094 regi
1109 2011 1252 2075 allectos
1271 2031 1359 2092 prae·

409 2119 563 2188 noverat,
585 2112 675 2193 igne,
691 2118 726 2175 et
745 2111 861 2192 gladio
883 2111 1092 2174 validissime
1118 2129 1268 2189 vexare;
1290 2110 1361 2173 illic

405 2209 510 2292 juges
532 2211 617 2291 regi,
640 2211 781 2292 suisque
803 2209 1042 2290 coufraganeis
1065 2210 1208 2273 insidias
1230 2214 1361 2284 texere,

409 2309 488 2372 istic
513 2309 698 2372 eorundem
725 2317 847 2384 terras,
874 2315 909 2372 et
930 2310 1163 2390 possessiones
1184 2308 1361 2389 usquead

410 2407 629 2471 solitudinem
661 2407 894 2471 crudelissime
924 2408 1064 2472 nudare.
1131 2406 1214 2470 Non
1249 2405 1361 2470 solem

410 2508 517 2587 igitur
531 2508 600 2584 isti,
615 2508 675 2570 sed
691 2515 726 2571 et
740 2507 801 2571 alii
815 2507 982 2583 nonnulli,
998 2508 1057 2588 qui
1069 2506 1171 2588 'pribs
1186 2526 1265 2570 cum
1276 2497 1362 2587 'rege

410 2605 488 2682 fide,
505 2613 540 2669 et
549 2605 776 2689 jurejurando
791 2606 1123 2683 conloederabantur,
1142 2625 1233 2670 nunc
1255 2606 1362 2687 pacis,

411 2712 445 2768 et
468 2706 659 2783 concordiae
684 2704 851 2769 dissoluto
874 2724 1012 2768 annexu
1034 2705 1197 2768 effrenate
1222 2706 1259 2767 in
1283 2724 1362 2767 eum

410 2804 665 2883 ingerebantur,
700 2804 861 2885 omnique
903 2802 1110 2867 truculenti&
1145 2804 1289 2866 diversis
1325 2804 1362 2865 in

411 2900 550 2983 Angliae
564 2904 719 2983 partibus
742 2904 935 2978 saevientes,
950 2902 1111 2984 quicquid
1135 2903 1287 2983 gravius,
1303 2909 1364 2966 aut

411 2999 590 3064 scelestius
615 2998 867 3081 excogitarent,
906 3002 1033 3083 ubique
1071 3001 1224 3065 locorum
1259 3001 1363 3082 impie

412 3100 679 3163 committebant.
732 3099 800 3162 Sed
824 3118 887 3162 rex
915 3099 1111 3181 Stephanus
1132 3100 1169 3163 in
1195 3099 1363 3175 omnibus,

412 3217 491 3279 quae
513 3198 668 3261 undatim
682 3199 898 3279 ingruebant,
914 3199 1080 3275 adversis,
1101 3199 1366 3280 inexsuperatus

413 3317 565 3378 prorsus,
582 3305 617 3362 et
631 3296 810 3373 infractus,
825 3299 956 3361 viribus
971 3299 1042 3362 suis
1063 3299 1100 3361 in
1122 3297 1287 3377 grandem
1302 3317 1363 3359 ex-

414 3396 557 3459 ercitum
572 3396 735 3471 collectis,
752 3396 908 3476 singulos
930 3395 1095 3460 audacter
1107 3398 1264 3460 tentabat
1279 3395 1365 3458 affli-

251 3508 289 3545 ste
252 3506 348 3594 ἴῃοιῦιὴοθιι
414 3513 505 3573 gere.
558 3494 604 3557 Et
625 3493 773 3575 primum
795 3495 933 3576 quidem
947 3495 1264 3575 Waleugefordiam
1286 3514 1365 3557 cum

251 3603 402 3704 fflsstdlffl'
414 3592 577 3655 indicibili
592 3593 731 3657 veniens
745 3593 964 3657 multitudine
981 3595 1147 3675 pertinaci
1169 3614 1239 3668 eos,
1256 3595 1322 3656 et
1312 3613 1363 3655 ιιι-

344 3680 350 3692 ’
414 3692 597 3773 separabili
619 3691 779 3756 claudere
796 3693 972 3756 obsidione
991 3693 1181 3775 proposuit,
1200 3691 1279 3755 cbm
1296 3693 1364 3755 uti·

413 3791 490 3855 liori
518 3793 683 3855 baronum
713 3800 911 3873 praeventus
940 3792 1093 3867 consilio,
1124 3792 1217 3872 quod
1253 3792 1367 3854 animo

448 4022 457 4053 ¹
473 4024 535 4072 This
547 4024 612 4072 Milo
624 4025 647 4071 is
658 4026 801 4073 sometimes
817 4024 879 4073 call·
902 4024 1066 4073 stabularius.
1102 4022 1202 4073 Gontiu.
1223 4023 1290 4072 Flor.
1308 4024 1367 4084 Vig.

412 4094 445 4142 ed
464 4094 529 4142 Milo
549 4094 581 4142 de
596 4092 768 4155 Gloucestrie,
785 4095 877 4143 Comes
902 4095 987 4144 tam.

413 4164 631 4226 Constabularius,
640 4162 690 4211 and
703 4164 800 4225 Regius
812 4164 878 4213 Con·
