3167 5000
501 471 503 475 ’
526 468 631 516 nue1s
654 468 870 519 suenonun.
946 507 950 514 .
1133 453 1174 515 71

222 624 374 708 propitio
414 624 500 689 mire
540 634 576 688 et
614 624 763 707 gloriose
787 624 898 688 idem
944 632 1175 707 recuperaret.

224 724 328 805 Qued
356 724 462 789 etiam
490 744 604 802 cereu,
629 723 708 788 cdm
735 725 773 787 in
800 743 904 787 manu
931 724 1025 787 illius
1050 723 1175 789 infrac-

224 831 281 887 tus
317 831 421 901 esset,
449 824 484 887 in
517 842 622 887 manu
657 831 772 888 tamen
809 822 964 899 retinuit,
1000 823 1174 904 significat

223 924 307 1006 quia
328 942 392 987 nec
414 942 559 1005 regnum
581 942 626 986 ex
644 929 719 987 toto
742 923 905 998 deseruit,
922 922 983 985 sed
1001 942 1063 985 nec
1080 923 1176 1003 regis

224 1042 362 1099 nomen,
377 1022 459 1086 licet
475 1022 512 1086 in
529 1041 666 1086 carcere
692 1023 839 1104 positus,
858 1021 992 1085 amisit:
1017 1020 1173 1103 mireque

225 1122 293 1184 Dei
319 1128 435 1185 actum
459 1129 513 1185 est
537 1121 773 1204 dispositione,
797 1118 875 1184 edm
898 1120 990 1184 iuter
1019 1139 1173 1193 summos

223 1220 435 1284 detineretur
462 1220 632 1299 inimicoS,
661 1239 730 1284 non
758 1227 874 1284 tamen
907 1239 952 1282 ne
983 1239 1046 1282 rex
1079 1228 1173 1285 esset

223 1318 357 1383 efficere
373 1326 570 1401 potuerunt.

274 1416 431 1482 Audiens
458 1426 571 1483 autem
602 1438 664 1482 rex
692 1418 810 1481 bostes
836 1418 873 1480 in
898 1416 1059 1499 proximo
1085 1418 1170 1480 affu-
1183 1431 1287 1521 ffitlffr

226 1524 334 1594 turoS,
353 1516 499 1600 ipseque
521 1518 588 1593 die,
604 1518 640 1580 ni
658 1518 850 1598 aufugeret,
865 1516 1098 1592 conflicturus,
1112 1536 1172 1580 no·
1224 1493 1249 1521 ⁰⁰
1273 1509 1278 1520 ’

225 1616 290 1681 luit
323 1617 468 1697 gloriam
499 1636 598 1679 suam
631 1616 724 1697 fugae
757 1616 943 1698 opprobrio
974 1615 1171 1697 deturpare,

225 1716 285 1778 sed
316 1716 440 1779 bellico
472 1735 566 1779 more
605 1714 708 1779 caute
739 1722 776 1779 et
803 1714 960 1779 ordinate
994 1714 1171 1805 dispositis

226 1815 433 1893 agminibus,
451 1821 553 1878 extra
581 1815 757 1878 civitatem
781 1814 906 1878 obvius
932 1814 982 1876 eis
1008 1813 1173 1877 audacter

226 1914 386 1977 occurrit.
444 1912 602 1996 Cquue
639 1914 863 1977 fortissimam
903 1918 974 1975 tam
1012 1912 1173 1989 militum,

226 2010 330 2094 quem
357 2012 511 2094 peditum
547 2014 772 2095 praemisisset
800 2012 976 2075 cohortem
1006 2012 1042 2075 in
1074 2013 1174 2075 exitu
1238 2011 1240 2014 ’

226 2108 406 2195 cujusdam
423 2113 504 2177 vadi
531 2112 580 2175 eis
607 2112 650 2176 ad
673 2112 922 2187 obsistendum,
945 2110 1009 2186 illi,
1038 2130 1057 2173 e
1090 2130 1172 2174 cou-

226 2230 327 2274 verso
350 2210 490 2274 directis
514 2211 702 2293 prudenter
727 2211 879 2286 aciebus,
901 2229 980 2273 cum
1006 2208 1174 2273 violentie

225 2308 260 2372 in
285 2310 381 2390 ipsos
406 2310 589 2385 irruentes,
604 2309 730 2374 vadum
756 2315 1025 2388 occupaverunt,
1043 2308 1175 2389 disper-

226 2408 343 2489 sisque
360 2408 411 2470 eis
427 2407 625 2483 fortissime,
645 2415 681 2471 et
706 2408 741 2469 in
756 2406 875 2487 fugam
889 2406 1036 2482 emissis,
1052 2426 1123 2469 uno
1140 2414 1176 2471 et

225 2507 396 2590 intrepido
424 2507 540 2571 animo
563 2508 599 2570 in
629 2506 760 2588 regium
783 2526 822 2569 se
838 2505 1055 2570 vivacissime
1081 2525 1174 2570 com-

225 2606 437 2670 miscuerunt
470 2607 672 2683 exercitum,
699 2606 845 2688 istisque
882 2605 1109 2686 interemptis,
1141 2614 1177 2668 et

225 2705 293 2769 illis
311 2706 354 2769 ad
372 2706 605 2770 redimendum
629 2705 753 2786 captis,
769 2704 925 2787 plurimis
943 2711 1060 2789 eptem
1078 2712 1174 2767 ante·

225 2824 328 2886 quam
353 2824 476 2868 manus
502 2811 732 2880 consererent,
746 2811 787 2868 ut
803 2823 918 2867 comes
936 2803 1174 2879 lllellouensiS,

226 2912 261 2967 et
285 2904 482 2968 Willelmus
512 2903 571 2967 ille
601 2904 644 2966 de
674 2900 770 2985 Ipre,
803 2902 890 2984 prob
919 2902 1051 2984 pudor!
1085 2902 1306 3012 f⁰g³·i,‘{t,¹}‘;¹,l¹

226 3003 390 3078 tentibus,
410 3022 526 3084 regem
552 3003 691 3066 tandem
706 3001 821 3066 valide
841 3008 877 3065 et
893 3001 1173 3066 constantissime
1185 3024 1254 3053 sonet·

226 3109 473 3183 repugnantem
492 3108 668 3188 ceperunt.
720 3100 872 3164 Proinde
896 3100 978 3162 dum
1002 3100 1062 3163 alii
1079 3102 1174 3164 cives

224 3201 260 3264 in
279 3202 456 3266 civitatem
485 3200 669 3280 fugitando
694 3219 732 3262 se
761 3199 967 3280 recipientes
989 3218 1179 3281 proseque-

225 3308 358 3376 rentur,
386 3306 421 3363 et
446 3298 597 3362 caedibus
624 3296 829 3362 creberrime
858 3297 1020 3378 peractis,
1049 3297 1110 3360 sed
1140 3305 1177 3360 et

225 3398 384 3463 domibus
420 3397 562 3479 passim,
594 3403 629 3461 et
664 3396 802 3478 templis
829 3395 1007 3477 praedatis,
1034 3403 1069 3460 et
1099 3416 1176 3460 suc-

226 3498 349 3574 censis,
367 3497 627 3580 lacrymandum
644 3495 923 3578 depopulationis
939 3496 1177 3578 spectaculum

226 3598 352 3680 ubique
369 3597 635 3673 committerent,
654 3595 714 3659 alii
730 3596 823 3659 circa
839 3595 1053 3670 immensam,
1072 3614 1177 3676 quam

226 3697 291 3759 sibi
323 3696 544 3760 subdiderant
575 3696 790 3775 captivorum
822 3693 1091 3768 multitudinem,
1116 3694 1176 3755 sed

227 3801 262 3858 et
279 3795 370 3858 circa
394 3813 515 3876 regem
540 3791 756 3875 frequentids
783 3791 1012 3866 intenderent,
1029 3789 1182 3872 cquue,

227 3914 303 3957 eum
333 3894 473 3958 tandem
502 3897 754 3967 exarmassent,
780 3889 966 3965 humiliter,
991 3897 1029 3952 et
1053 3909 1178 3972 queru-

227 3993 300 4057 lose
329 3991 459 4075 saepids
488 3991 744 4066 inclamantem,
766 3988 855 4052 hauc
873 3988 939 4052 sibi
956 3989 1177 4071 improperii¹⁴

262 4133 269 4162 ¹
287 4137 489 4196 ‘Improperium
499 4135 517 4194 ;’
531 4149 580 4182 vox
592 4133 683 4182 mediae
697 4133 851 4195 Latinitatis,
858 4132 969 4181 dedecus
980 4137 1006 4181 et
1016 4133 1178 4195 ignominiam

226 4219 327 4256 sonans.
357 4205 456 4255 Gesner
466 4206 492 4253 in
502 4219 525 4254 v.
