3167 5000
451 469 516 535 128
751 459 864 532 orori
887 483 1080 543 surenam,

450 643 544 725 quia,
559 648 599 705 ut
613 641 706 705 lama
721 637 892 704 advenths
911 638 987 721 ejus
1009 657 1047 701 se
1061 635 1177 713 latius,
1194 636 1285 699 sieut
1298 635 1410 714 solet,
1480 645 1485 654 ’

450 740 667 816 diffunderet,
682 739 791 803 multa
806 738 936 803 scilicet
947 737 1055 801 millia
1068 755 1185 800 seeum
1200 735 1397 813 adduxisse,

450 841 674 922 plurimorum
693 839 730 902 in
753 838 851 901 brevi
875 837 1002 913 lutura,
1026 836 1169 899 infinitae
1190 835 1299 916 copiae
1321 835 1397 898 the·

450 958 573 1003 sauros
603 958 721 1003 secum
753 936 924 1012 attulisse,
964 952 1059 999 nuno
1087 933 1183 1000 illam
1219 932 1397 1016 depraeda-

449 1045 527 1127 tarnx
544 1038 770 1121 provinciam,
786 1055 878 1099 nune
897 1036 1000 1101 istam
1024 1033 1260 1098 combustione
1274 1032 1397 1115 depas-

451 1146 524 1200 tam
552 1138 795 1201 mentiebatur.
856 1134 957 1198 haete
989 1134 1095 1215 igitur
1129 1151 1230 1196 aures
1267 1132 1397 1212 arrige·

450 1236 547 1312 bant,
578 1242 614 1300 et
634 1236 733 1318 quasi
763 1252 856 1297 nova
878 1233 929 1297 eis
949 1234 1011 1296 lux
1039 1232 1117 1297 visa
1137 1238 1191 1295 est
1222 1231 1315 1316 oriri,
1337 1232 1397 1312 qui

450 1335 517 1399 eibi
547 1335 841 1399 assentiebantur:
874 1331 966 1409 edm,
990 1352 1011 1395 e
1045 1348 1224 1409 converso,
1250 1330 1399 1411 regales,
1552 1357 1553 1370 ¹

450 1434 550 1515 quasi
564 1416 567 1420 ⁴
581 1434 681 1514 gravi
717 1431 869 1514 depressi
902 1433 1068 1509 tonitruo,
1093 1430 1271 1511 aliquanto
1309 1436 1396 1493 tem·v

450 1552 534 1614 pore
555 1532 827 1596 humiliarentur.
886 1530 1031 1607 Verhm,
1056 1536 1239 1612 postquam
1265 1535 1397 1591 eertum

450 1631 527 1707 fuit,
558 1638 593 1695 et
618 1632 655 1695 in
677 1631 828 1695 omnium
857 1628 982 1694 notitih
1005 1628 1188 1693 manifeste
1216 1627 1396 1691 diventila⁶

450 1736 539 1805 tum,
557 1730 704 1793 militum
726 1749 804 1813 eum
826 1728 966 1809 globum
989 1729 1167 1809 exiguum,
1188 1745 1258 1790 non
1279 1733 1395 1789 autem

449 1830 639 1893 exercitum
654 1828 854 1904 adduxisse,
868 1846 927 1891 eos
944 1828 1048 1893 etiarn
1071 1826 1222 1889 nondum
1244 1824 1289 1889 ad
1310 1832 1396 1889 tem·

449 1947 515 2009 pus
535 1928 624 2009 stipe
645 1925 740 2004 datb,
755 1926 816 1991 sed
831 1928 867 1989 in
881 1927 998 1991 futuro
1012 1922 1182 2009 promissit
1197 1925 1395 2002 conductos,

449 2026 532 2088 nihil
551 2026 728 2107 egregium
751 2025 880 2103 faeere,
892 2026 953 2090 sed
978 2026 1051 2089 otio
1073 2044 1220 2106 semper,
1237 2031 1273 2087 et
1286 2023 1394 2105 negli-

450 2125 578 2205 gentiae
606 2126 721 2188 omnia
749 2124 844 2201 dare,
874 2132 1012 2207 recepto
1040 2124 1155 2188 animo
1184 2123 1319 2187 fortiter
1346 2124 1395 2185 eis

450 2222 578 2303 ubique
599 2230 635 2287 et
657 2230 857 2287 constanter
869 2224 1081 2287 restiterunt.
1129 2222 1223 2299 Quia
1245 2219 1325 2285 chm
1350 2222 1394 2285 ad

450 2322 624 2385 civitatem
648 2321 899 2399 Crieheladam,
918 2330 955 2386 et
975 2322 1020 2386 ed
1047 2322 1280 2402 municipium,
1302 2320 1394 2402 quod

451 2418 620 2483 Burtuna¹
636 2420 772 2497 dieitur,
784 2438 863 2503 quae
872 2428 956 2485 tune
967 2420 1054 2502 regii
1068 2422 1283 2484 habebantur
1291 2419 1394 2502 juris,

448 2520 546 2600 quasi
568 2519 725 2596 interius,
745 2521 820 2584 sine
841 2521 1033 2597 obstaculo,
1046 2520 1213 2602 irrupturi
1236 2517 1393 2582 advenis*

448 2625 537 2694 sent,
552 2617 646 2696 hino,
663 2639 740 2682 oum
760 2619 925 2683 dedecore
942 2619 1096 2700 effugati,
1112 2616 1203 2696 inde,
1218 2625 1312 2682 metu
1333 2637 1393 2681 eos

360 2731 364 2738 '
449 2717 619 2797 abigente,
634 2717 759 2798 festine
773 2718 868 2782 fuere
882 2719 1048 2802 propulsi.
1101 2717 1177 2781 Nec
1191 2706 1301 2780 multo
1316 2717 1394 2799 pdst

449 2817 580 2896 regiam
594 2815 721 2898 saepiirs
730 2817 865 2898 experti
877 2818 1041 2881 virtutem
1044 2863 1249 2894 .......
1271 2816 1394 2899 perior,

449 2933 488 2976 se
515 2915 613 2978 fieret
637 2916 767 2996 ubique
789 2917 1016 2993 constantior,
1034 2917 1125 2980 sieut
1145 2915 1335 2999 improvide
1358 2924 1394 2980 et

448 3011 629 3076 indiscrete
645 3013 810 3094 angliam
832 3061 841 3078 .
867 3061 874 3078 .
967 3062 976 3078 .
1001 3063 1009 3078 .
1034 3013 1171 3091 inertib,
1183 3022 1221 3080 et
1239 3016 1394 3096 otiodis-

448 3110 564 3188 soluti,
587 3109 734 3193 penurib
754 3119 789 3176 et
819 3121 973 3193 egestate
1004 3114 1168 3190 convicti,
1194 3113 1333 3195 egregio
1358 3115 1394 3178 in

450 3253 524 3284 ...
551 3257 560 3274 .
584 3257 593 3274 .
618 3257 625 3272 .
649 3231 713 3274 suo
731 3219 767 3276 et
788 3210 886 3295 justo
902 3213 1009 3280 totius
1032 3213 1130 3294 regni
1151 3212 1299 3288 haerede,
1314 3233 1393 3276 oum

448 3327 517 3389 quo
537 3307 760 3386 advenerant,
775 3310 939 3375 derelicto
941 3356 1143 3387 .......
1165 3312 1305 3376 tandem
1325 3313 1391 3378 dis·

447 3414 633 3471 cesserunt.
685 3407 709 3470 J
713 3428 824 3473 uvene
843 3410 994 3491 quidem,
1007 3411 1072 3474 tali
1091 3411 1273 3492 ingruente
1286 3411 1397 3476 infer·

361 3591 366 3604 Ι
447 3506 555 3580 tunio,
573 3524 629 3568 mo
662 3551 741 3571 ....
763 3553 806 3572 ..
839 3507 939 3585 affici,
954 3509 1094 3590 pudoris
1112 3515 1147 3575 et
1165 3510 1302 3595 injuriae
1315 3533 1394 3577 eru-

326 3652 330 3658 .
447 3602 541 3667 ciatu
556 3605 744 3668 macerari:
769 3605 849 3668 hinc
864 3607 947 3688 quia
961 3607 1052 3671 lidos
1062 3608 1109 3671 mi
1125 3656 1305 3676 ......
1321 3631 1396 3676 ma·

444 3829 499 3867 wne
517 3819 634 3883 brought,
651 3819 672 3868 it
688 3835 805 3885 appears,
819 3823 907 3884 hythe
930 3822 1062 3886 thirty-nix
1073 3826 1298 3892 sall,endelnrge
1315 3839 1396 3892 army,
1431 3826 1437 3834 ’

444 3887 543 3937 Enrlor‘
550 3888 908 3953 Gloueester,bypermission
930 3894 991 3942 took
1010 3894 1170 3958 Mulmshury
1189 3913 1221 3946 on
1239 3898 1282 3948 the
1299 3911 1345 3948 eve
1369 3901 1400 3949 of

444 3956 474 4005 of
489 3955 531 4006 the
552 3957 635 4007 Oount
652 3958 681 4008 of
693 3959 787 4023 Anjou,
801 3961 847 4009 hut
863 3977 907 4010 no-
931 3961 973 4012 the
1007 3963 1153 4028 Epiphany,
1190 3967 1240 4016 and
1275 3969 1395 4031 besieged

443 4026 515 4088 thing
532 4028 555 4076 is
574 4028 632 4076 said
654 4028 689 4089 by
707 4029 758 4078 this
786 4030 908 4079 historian
932 4031 1093 4082 Growmersh
1127 4050 1188 4084 near
1216 4036 1394 4100 wallingford.

444 4095 474 4143 of
486 4109 538 4157 any
552 4096 619 4146 loree
637 4097 745 4160 brought
763 4099 828 4147 with
846 4099 907 4150 him.
932 4102 997 4167 Rog.
1008 4102 1040 4152 de
1051 4104 1143 4154 Weud.
1154 4109 1213 4155 254.
1224 4119 1248 4156 r.
1257 4119 1284 4157 u.
1293 4112 1368 4160 1⁰⁶³.

445 4164 529 4226 Roget
562 4165 591 4214 ol
614 4167 755 4216 wendover
787 4179 849 4229 says
875 4169 909 4218 he

444 4247 515 4283 rame
531 4237 557 4283 to
568 4235 687 4297 Englnnd
696 4235 758 4284 with
775 4251 792 4284 a
808 4239 873 4286 hest.
883 4238 912 4286 ol
966 4237 976 4270 ¹
994 4241 1115 4291 Bourton
