3167 5000
532 497 637 550 nucis
664 497 880 546 ιιιιιοιιιιιι.
1139 477 1183 542 27

229 655 449 738 Auditisque,
477 673 556 737 quae
585 654 744 720 flebiliter
769 655 813 718 de
839 651 1012 718 reddendo
1038 650 1182 716 castello

183 828 186 833 ,
231 756 424 822 miseranda
446 755 667 838 deposcebat,
693 754 928 818 inflexibiliter
950 773 987 816 se
1011 759 1046 816 et
1069 751 1182 815 adhuc

231 857 407 931 indurans,
434 855 508 920 sine
534 853 658 919 effectu
685 854 729 917 ad
758 873 840 918 suos
871 853 1011 918 tandem
1039 852 1249 915 remisit..

234 956 317 1021 Istis
340 957 459 1038 itaque
481 954 546 1019 hoc
567 954 669 1018 modo
689 953 849 1037 repulsis,
864 952 1044 1036 solumque
1067 951 1182 1032 proxi
1194 961 1335 1098 31¹¹an

233 1075 325 1121 mam
348 1063 493 1120 mortem
513 1054 758 1168 operientibus
773 1055 920 1120 barones
935 1053 1026 1135 regis
1040 1051 1100 1115 alii
1119 1063 1294 1152 prointertere
1329 1072 1349 1098 ι·

234 1154 482 1220 contribulibus
504 1154 587 1230 suis,
613 1154 673 1236 qui
694 1151 788 1220 intus
812 1151 1087 1227 recludebantur,
1107 1169 1185 1231 ger·
1196 1111 1331 1252 ιιιὲιιῖξιω

235 1274 338 1319 mano
373 1254 533 1336 sanguini
561 1253 744 1335 compassi,
775 1252 995 1316 vehementer
1029 1249 1185 1314 indolue-

236 1361 338 1419 runt.
362 1352 422 1417 alii
438 1353 599 1424 Baldvini
613 1353 834 1416 dissensionis
856 1351 996 1428 conscii,
1011 1358 1046 1414 et
1061 1369 1186 1432 coope·
1274 1395 1278 1405 .

236 1461 381 1530 ratores,
397 1473 460 1537 pro
483 1450 660 1516 obsidione
675 1451 915 1517 consentaneis
936 1451 1009 1514 suis
1030 1458 1103 1514 tam
1125 1450 1188 1512 ob-

237 1553 363 1620 stinate
386 1551 519 1617 intenta
543 1571 613 1616 non
635 1551 812 1614 minimum
836 1550 1101 1627 effrenduernnt,
1116 1549 1188 1613 fac*

238 1661 343 1736 toque
366 1652 503 1734 agmine
525 1670 642 1732 regem
664 1650 794 1732 pariter
809 1650 976 1715 adeuntes
997 1668 1089 1713 nunc
1107 1646 1189 1712 vival

239 1773 317 1818 cum
333 1771 374 1816 eo
389 1753 522 1816 ratione
544 1751 647 1833 plura
660 1750 893 1826 contulenmt,
907 1769 998 1813 nnnc
1012 1748 1189 1812 blanditiis
1275 1793 1278 1801 .

239 1852 447 1924 intermixtis
480 1851 516 1915 in
547 1851 694 1916 alterum
730 1870 810 1914 eum
840 1849 1011 1913 hominem
1047 1847 1188 1930 repente

241 1959 473 2017 mutaverunt.

249 2051 465 2116 Dicebant
481 2069 629 2133 namque
649 2049 726 2130 regi
749 2049 895 2131 plenum
910 2067 947 2112 se
969 2048 1012 2111 de
1034 2047 1309 2151 hostibusuhptrarr

242 2151 452 2233 conquisisse
474 2150 695 2233 triumphum,
713 2149 795 2215 dum
810 2149 901 2230 quod
923 2149 977 2212 sui
994 2156 1070 2211 erat
1086 2123 1222 2231 juris,m
1251 2114 1268 2150 '

243 2251 508 2334 praevalentibus
534 2250 663 2313 viribus
684 2249 767 2326 suis,
791 2248 931 2313 tandem
945 2247 1188 2329 conquisisset;

243 2351 388 2432 ideoque
411 2349 571 2431 dignitati
594 2368 667 2412 suae
684 2367 763 2423 ‘esse
785 2349 912 2429 aptius,
927 2347 1100 2429 regiaeque
1122 2345 1191 2427 pie

245 2451 312 2516 tati
334 2449 594 2532 competentius,
612 2447 758 2531 captivis
781 2447 991 2531 supplicibus
1005 2447 1113 2511 vitam
1130 2445 1192 2509 do-

246 2570 341 2627 nare,
353 2547 456 2632 quam
467 2568 577 2631 usque
592 2549 636 2612 ad
651 2556 797 2613 mortem
811 2548 951 2629 punitis,
963 2546 1056 2629 quod
1073 2565 1195 2628 parum

247 2650 329 2715 vitae
362 2655 552 2731 supererat,
580 2647 894 2712 immisericorditer
924 2648 1069 2710 auferre,
1122 2644 1196 2708 Ad-

248 2750 375 2813 debant
390 2755 425 2813 et
439 2748 517 2812 illos
532 2768 602 2811 non
619 2748 654 2810 in
670 2748 801 2827 regiam
820 2746 1038 2830 majestatem
1048 2742 1197 2829 jurasse,

249 2868 312 2912 nec
327 2848 392 2911 nisi
406 2848 443 2911 in
465 2846 666 2912 fidelitatem
687 2846 817 2910 domini
838 2847 892 2909 sui
914 2865 1011 2910 arma
1027 2844 1196 2918 movisse;

249 2948 319 3013 imo
341 2956 423 3011 tunc
446 2966 484 3011 se
506 2945 700 3029 specialiter
714 2966 792 3011 cum
816 2966 898 3027 rege
920 2964 1023 3027 agere
1049 2944 1199 3016 declara·

250 3050 346 3125 bant,
356 3046 446 3121 cum,
457 3046 550 3129 quod
565 3047 618 3110 sui
630 3054 705 3111 erat
715 3046 804 3129 juris
813 3046 955 3127 proprii,
964 3046 1000 3108 in
1009 3062 1131 3108 manus
1142 3062 1199 3107 su·

252 3166 291 3211 as
306 3146 444 3224 tandem
462 3146 691 3212 tradidissent.
724 3144 897 3223 Quocirca
911 3143 1100 3208 consultius
1115 3162 1201 3219 esse,

253 3266 427 3328 regnoque
454 3264 516 3309 suo
547 3244 758 3309 commodius
783 3244 998 3327 judicabant,
1030 3261 1201 3306 morosam

252 3346 360 3431 illam,
390 3341 461 3425 qua
486 3344 636 3407 maxime
669 3344 916 3424 gravabantur,
946 3342 1080 3406 solvere
1110 3341 1201 3403 obsi-

254 3445 402 3520 dionem,
414 3443 575 3525 quatinus
590 3450 625 3507 et
639 3442 819 3506 castellum
834 3442 878 3506 ad
893 3442 1014 3523 gloriae
1031 3460 1103 3505 suae
1118 3460 1201 3522 ang·

254 3551 407 3609 mentum
429 3544 629 3625 susciperet,
650 3549 685 3605 et
708 3542 752 3605 ad
775 3542 846 3606 alia
867 3542 1040 3625 explenda
1061 3541 1202 3623 negotia

254 3642 409 3725 paratius
424 3661 511 3719 sese,
527 3650 562 3706 et
577 3640 712 3706 avidius
727 3642 932 3724 accingeret.
984 3641 1065 3705 Rex
1085 3649 1258 3741 autemst?
1245 3654 1326 3744 eduin

255 3744 422 3806 baronum
439 3739 632 3824 frequentis
645 3740 809 3818 vallatus,
823 3741 884 3823 qui
898 3760 968 3804 non
989 3738 1103 3810 solum
1124 3758 1253 3821 pre-v
1187 3704 1293 3793 wie·
1284 3706 1367 3759 mm

257 3862 335 3906 cum
356 3840 531 3906 blanditiis
552 3839 795 3923 implorabant,
810 3839 930 3903 verum
947 3840 1051 3902 etiam
1065 3837 1204 3901 monitis

258 3962 335 4015 eum
350 3940 513 4004 suasoriis
535 3939 769 4021 impellebant,
785 3938 896 4002 flexus
919 3937 1105 4020 postremo,
1126 3956 1204 4019 quae

257 4041 439 4124 petierant,
462 4039 653 4105 concessit.
677 4046 783 4121 utque
809 4037 1027 4123 conjunctius
1047 4038 1113 4101 sibi
1129 4036 1205 4100 alli·

258 4148 359 4215 ceret,
383 4140 486 4220 inque
507 4138 684 4202 servitium
711 4156 810 4201 suum
837 4139 1030 4204 devotiores
1052 4137 1206 4213 haberet,
1216 4149 1262 4239 Τις
1250 4148 1370 4199 ιιιιιιιιι

257 4260 326 4318 non
343 4237 455 4328 solum
476 4257 535 4303 eos
553 4237 659 4323 libere
678 4238 852 4320 progredi,
867 4239 927 4303 sed
950 4246 985 4302 et
1000 4258 1063 4302 sua
1083 4200 1263 4339 exponi}
1217 4250 1311 4289 ιιιιιιι
1310 4254 1335 4288 ιι
