3167 5000
406 486 470 552 68.
716 500 831 548 orara
854 500 1048 555 surenam,

408 667 501 736 tans,
519 658 573 723 vel
592 655 679 740 'quia
695 657 841 722 castello
868 675 932 721 suo
952 644 1106 721 vicinum
1121 663 1251 721 eratet
1267 677 1362 721 com·

409 758 562 835 modum,
585 757 641 822 vel
672 758 754 840 quia
783 763 819 820 et
845 756 906 820 illo
931 758 1009 819 sub.
1018 755 1099 839 jure
1122 776 1185 820 suo
1208 755 1362 834 redacto,

411 858 476 922 toti
504 864 622 939 posset
643 854 783 938 Angliae
814 854 973 921 licentius
1004 855 1130 919 inferre
1155 854 1362 933 dissensum,

245 980 354 1019 marra
412 956 436 1021 J
439 957 542 1020 oanni
564 975 626 1038 per
641 956 876 1020 internuncios
893 954 1083 1031 mandavit,
1101 974 1140 1018 se
1165 955 1262 1037 pacis
1284 974 1363 1019 cum

244 1029 390 1119 {lienam
413 1056 486 1132 illo,
508 1064 543 1121 et
565 1055 727 1119 amicitiae
749 1054 862 1119 foedus
884 1054 1095 1131 habiturum,
1117 1054 1212 1117 vices
1241 1055 1364 1119 castel-

244 1128 309 1169 ’Μ’
413 1154 485 1219 lum
521 1174 623 1218 suum
652 1154 850 1219 introeundi
881 1150 988 1217 causi
1019 1153 1155 1217 consilii
1189 1152 1294 1217 dandi
1327 1163 1364 1217 et

414 1252 599 1335 recipiendi
626 1253 715 1317 velle
748 1252 946 1337 deposcere,
978 1252 1091 1316 soedus
1120 1252 1363 1335 indisruptum,

408 1352 630 1419 concordiam
669 1352 910 1416 intemeratam
950 1353 1172 1434 proposuisse
1211 1370 1364 1417 servare.

412 1451 567 1516 Joannes
596 1457 710 1515 autem
740 1450 1018 1516 animadvertens
1045 1471 1108 1533 spe
1139 1450 1273 1515 castelli
1307 1452 1364 1515 sui

413 1550 617 1634 decipiendi,
645 1557 683 1615 ut
705 1571 743 1617 se
767 1570 823 1615 res
844 1550 1007 1628 habebat,
1023 1550 1098 1615 lraec
1123 1550 1239 1613 omnia
1263 1550 1363 1633 polli-

413 1651 494 1725 ceri,
516 1656 695 1731 gratanter
723 1670 802 1732 qnae
824 1649 1036 1732 postulabat,
1064 1657 1100 1713 et
1126 1648 1275 1731 benigne
1302 1668 1364 1713 an·

413 1750 501 1825 nuit,
540 1755 808 1833 susceptumque
846 1748 1003 1826 castello,
1041 1749 1169 1813 clausis
1208 1756 1288 1831 post
1326 1768 1364 1812 se

414 1848 536 1931 portis,
555 1847 657 1925 fame,
670 1856 705 1912 et
720 1848 901 1914 tormentis
916 1846 1133 1912 afficiendum
1150 1847 1187 1912 in
1200 1848 1366 1912 carcerali

416 1944 579 2028 angustie
606 1946 778 2030 deposuit,
805 1948 1008 2029 irruensque
1034 1967 1113 2012 cum
1138 1946 1211 2011 suis
1234 1946 1270 2010 in
1292 1947 1366 2014 Ro-

248 2066 375 2109 ronne-ru
416 2047 506 2111 berti
535 2046 751 2124 consodales,
784 2065 872 2129 quos
907 2065 1022 2109 secum
1055 2045 1260 2129 proditionis
1290 2066 1365 2110 snae

249 2118 352 2217 mr.
418 2145 574 2209 conscios
592 2144 792 2241 auctitarat,
810 2145 910 2222 alios,
924 2145 1061 2229 injectis
1078 2144 1243 2210 continuo
1258 2146 1366 2210 mani-

417 2245 494 2320 bus,
521 2250 643 2327 captos
671 2263 749 2308 cnm
780 2245 867 2309 duce
896 2263 960 2308 suo
988 2244 1141 2322 retrusit,
1170 2244 1257 2309 alios
1287 2264 1366 2309 cum

416 2342 608 2425 ignominia
638 2344 785 2427 turpiter
814 2343 984 2425 effugatos
1012 2364 1122 2427 usque
1149 2344 1194 2407 ad
1225 2344 1366 2408 Divisas

414 2444 536 2509 cedere
552 2443 678 2526 coegit.

466 2541 623 2607 Audiens
642 2541 821 2608 Glaorniae
836 2564 951 2609 comes
967 2543 1248 2608 nefandissimum
1269 2542 1367 2607 illum

416 2641 454 2705 in
469 2641 492 2706 J
495 2643 616 2707 oannis
640 2641 810 2720 custodia,
826 2645 885 2726 qni
906 2663 979 2708 suae
1006 2644 1119 2708 adhuc
1142 2644 1252 2726 partis
1274 2642 1369 2707 fidis-

418 2742 526 2806 simus
551 2749 627 2806 erat
652 2742 846 2827 coadjutor,
870 2744 934 2808 tali
960 2743 1062 2808 modo
1088 2743 1277 2818 detentum,
1299 2762 1369 2806 non

252 2862 390 2902 masura
420 2841 636 2906 mediocriter
668 2841 920 2920 collaetabatur,
953 2843 1183 2924 eximiamque
1221 2841 1368 2906 militum

252 2912 375 3010 ililffm
417 2939 647 3020 frequentiam
682 2941 716 3003 in
749 2961 849 3005 suum
881 2941 1056 3006 advocans
1083 2942 1298 3018 comitatum,
1323 2941 1369 3005 ad

334 3040 339 3053 '
419 3037 590 3102 Joannem
606 3038 758 3116 advenit,
776 3040 1031 3124 adductumque
1046 3049 1128 3105 ante
1141 3041 1282 3105 Divisas
1297 3038 1369 3104 Ro-
1492 3105 1499 3116 ,

419 3138 566 3213 bertum,
583 3138 617 3201 in
635 3139 787 3203 omnium
805 3159 945 3204 suorum
962 3141 1072 3204 oculis
1089 3140 1160 3205 alte
1176 3140 1368 3222 suspendit,

418 3235 591 3320 condigna
619 3238 685 3302 Dei
715 3239 860 3313 ultione,
894 3249 934 3304 nt
963 3241 1023 3321 qui
1051 3239 1160 3304 multa
1191 3239 1368 3302 hominum

419 3337 526 3400 millia
565 3337 743 3420 suppliciis
779 3339 974 3415 attriverat,
1002 3347 1037 3404 et
1074 3339 1149 3421 ipse
1186 3338 1368 3402 seelestam

419 3437 527 3498 vitam
551 3436 656 3516 digno
682 3437 852 3519 supplicio
875 3436 1099 3502 terminaret.¹
1152 3437 1228 3501 Isto
1249 3437 1367 3519 igitur,

420 3542 460 3598 ut
476 3533 679 3610 dictumest,
692 3539 1037 3619 suspenso,cognati,
1054 3548 1090 3601 et
1105 3535 1368 3613 commilitones,

421 3652 509 3714 quos
536 3632 572 3696 in
598 3631 722 3696 Divisit
740 3630 939 3718 reliquerat,
958 3657 1045 3720 quos
1069 3644 1102 3700 et
1121 3636 1241 3700 vivens
1269 3634 1370 3718 adju·

254 3754 388 3796 mearam.
420 3740 528 3809 rarat,
538 3752 580 3796 ne
597 3733 758 3816 cuiqnam
776 3734 957 3799 castellnm
972 3737 1237 3812 committerent,
1253 3754 1370 3816 quam·

254 3806 409 3845 villeberttux·
448 3832 454 3846 .

254 3855 396 3944 3333&
422 3851 475 3896 vrs
504 3833 807 3916 suspenderentur,
844 3834 1000 3918 plurimis
1034 3854 1057 3899 a
1087 3854 1169 3917 rege
1201 3835 1370 3916 susceptis

253 3954 402 4053 5233&
421 3931 587 4014 pecuniis,
607 3931 748 3999 Herveo
766 3933 903 3999 Britoni
918 3935 994 3999 viro
1015 3934 1143 3999 illustri
1164 3942 1200 3998 et
1216 3933 1372 4010 militari,

254 4064 338 4104 money.
415 4037 458 4094 et
475 4049 601 4112 genero
623 4033 714 4113 regis
736 4033 917 4097 castellum
943 4035 1199 4099 commiserunt.
1252 4032 1299 4097 Et
1313 4032 1372 4096 ille

454 4235 461 4266 ¹
479 4239 504 4287 Α
515 4253 574 4300 very
588 4239 685 4289 similar
697 4246 805 4291 account
815 4243 838 4293 is
850 4243 924 4305 given
935 4243 969 4305 by
976 4243 1090 4293 willim
1101 4242 1130 4294 ot'
1138 4243 1307 4306 Malmsbury‚
1314 4246 1372 4292 tas.
