<?xml version="1.0" encoding="UTF-8"?>
<!DOCTYPE html PUBLIC "-//W3C//DTD XHTML 1.0 Transitional//EN"
    "http://www.w3.org/TR/xhtml1/DTD/xhtml1-transitional.dtd">
<html xmlns="http://www.w3.org/1999/xhtml" xml:lang="en" lang="en">
 <head>
  <title>
</title>
<meta http-equiv="Content-Type" content="text/html;charset=utf-8" />
  <meta name='ocr-system' content='tesseract 3.04.00' />
  <meta name='ocr-capabilities' content='ocr_page ocr_carea ocr_par ocr_line ocrx_word'/>
</head>
<body>
  <div class='ocr_page' id='page_1' title='image "./gestastephanire00sewegoog_0132.png"; bbox 0 0 3167 5000; ppageno 0'>
   <div class='ocr_carea' id='block_1_1' title="bbox 519 481 1166 546">
    <p class='ocr_par' dir='ltr' id='par_1_1' title="bbox 519 481 1166 546">
     <span class='ocr_line' id='line_1_1' title="bbox 519 481 1166 546; baseline 0.003 -2"><span class='ocrx_word' id='word_1_1' title='bbox 519 496 625 545; x_wconf 78' lang='lat' dir='ltr'><strong>racis</strong></span> <span class='ocrx_word' id='word_1_2' title='bbox 651 496 866 546; x_wconf 71' lang='lat' dir='ltr'><strong>snononuu.</strong></span> <span class='ocrx_word' id='word_1_3' title='bbox 1103 481 1166 546; x_wconf 95' lang='lat' dir='ltr'><strong>lll</strong></span> 
     </span>
    </p>
   </div>
   <div class='ocr_carea' id='block_1_2' title="bbox 217 650 1335 4225">
    <p class='ocr_par' dir='ltr' id='par_1_2' title="bbox 217 650 1335 4225">
     <span class='ocr_line' id='line_1_2' title="bbox 218 650 1331 730; baseline -0.004 -13"><span class='ocrx_word' id='word_1_4' title='bbox 218 654 311 730; x_wconf 84' lang='lat' dir='ltr'><strong>dere,</strong></span> <span class='ocrx_word' id='word_1_5' title='bbox 333 654 381 730; x_wconf 93' lang='lat' dir='ltr'><strong>ni,</strong></span> <span class='ocrx_word' id='word_1_6' title='bbox 409 650 541 717; x_wconf 89' lang='lat' dir='ltr'><strong>reddito</strong></span> <span class='ocrx_word' id='word_1_7' title='bbox 567 652 721 729; x_wconf 88' lang='lat' dir='ltr'><strong>castello,</strong></span> <span class='ocrx_word' id='word_1_8' title='bbox 745 654 828 716; x_wconf 81' lang='lat' dir='ltr'><strong>vitae</strong></span> <span class='ocrx_word' id='word_1_9' title='bbox 857 671 929 716; x_wconf 87' lang='lat' dir='ltr'><strong>suae</strong></span> <span class='ocrx_word' id='word_1_10' title='bbox 959 653 1165 720; x_wconf 85' lang='lat' dir='ltr'><strong>consuleret.</strong></span> <span class='ocrx_word' id='word_1_11' title='bbox 1178 672 1331 712; x_wconf 67' lang='lat' dir='ltr'><strong>nummo</strong></span> 
     </span>
     <span class='ocr_line' id='line_1_3' title="bbox 219 722 1303 835; baseline -0.006 -19"><span class='ocrx_word' id='word_1_12' title='bbox 219 753 285 817; x_wconf 91' lang='lat' dir='ltr'><strong>Ille</strong></span> <span class='ocrx_word' id='word_1_13' title='bbox 300 752 390 817; x_wconf 85' lang='lat' dir='ltr'><strong>enirn</strong></span> <span class='ocrx_word' id='word_1_14' title='bbox 410 754 446 817; x_wconf 91' lang='lat' dir='ltr'><strong>in</strong></span> <span class='ocrx_word' id='word_1_15' title='bbox 464 761 613 835; x_wconf 84' lang='lat' dir='ltr'><strong>angusto</strong></span> <span class='ocrx_word' id='word_1_16' title='bbox 628 753 772 835; x_wconf 89' lang='lat' dir='ltr'><strong>positus,</strong></span> <span class='ocrx_word' id='word_1_17' title='bbox 784 752 875 828; x_wconf 91' lang='lat' dir='ltr'><strong>binc,</strong></span> <span class='ocrx_word' id='word_1_18' title='bbox 891 753 973 834; x_wconf 92' lang='lat' dir='ltr'><strong>quia</strong></span> <span class='ocrx_word' id='word_1_19' title='bbox 990 773 1098 835; x_wconf 86' lang='lat' dir='ltr'><strong>grave</strong></span> <span class='ocrx_word' id='word_1_20' title='bbox 1111 774 1165 819; x_wconf 87' lang='lat' dir='ltr'><strong>es-</strong></span> <span class='ocrx_word' id='word_1_21' title='bbox 1176 722 1303 813; x_wconf 57' lang='lat' dir='ltr'><strong>fflrhif’</strong></span> 
     </span>
     <span class='ocr_line' id='line_1_4' title="bbox 218 823 1302 949; baseline -0.004 -32"><span class='ocrx_word' id='word_1_22' title='bbox 218 859 333 930; x_wconf 74' lang='lat' dir='ltr'><strong>set„et</strong></span> <span class='ocrx_word' id='word_1_23' title='bbox 347 850 540 929; x_wconf 82' lang='lat' dir='ltr'><strong>onerosum,</strong></span> <span class='ocrx_word' id='word_1_24' title='bbox 548 854 654 917; x_wconf 88' lang='lat' dir='ltr'><strong>totius</strong></span> <span class='ocrx_word' id='word_1_25' title='bbox 671 852 746 949; x_wconf 79' lang='lat' dir='ltr'><strong>spei</strong></span> <span class='ocrx_word' id='word_1_26' title='bbox 760 871 834 917; x_wconf 88' lang='lat' dir='ltr'><strong>suae</strong></span> <span class='ocrx_word' id='word_1_27' title='bbox 849 852 1031 934; x_wconf 89' lang='lat' dir='ltr'><strong>refugium,</strong></span> <span class='ocrx_word' id='word_1_28' title='bbox 1040 847 1165 921; x_wconf 81' lang='lat' dir='ltr'><strong>castel·</strong></span> <span class='ocrx_word' id='word_1_29' title='bbox 1176 823 1302 914; x_wconf 58' lang='lat' dir='ltr'><strong>ilfflii?</strong></span> 
     </span>
     <span class='ocr_line' id='line_1_5' title="bbox 217 952 1292 1036; baseline 0.002 -20"><span class='ocrx_word' id='word_1_30' title='bbox 217 953 289 1016; x_wconf 92' lang='lat' dir='ltr'><strong>lum</strong></span> <span class='ocrx_word' id='word_1_31' title='bbox 309 952 490 1029; x_wconf 83' lang='lat' dir='ltr'>dimittere,</span> <span class='ocrx_word' id='word_1_32' title='bbox 506 954 597 1030; x_wconf 86' lang='lat' dir='ltr'><strong>inde,</strong></span> <span class='ocrx_word' id='word_1_33' title='bbox 612 952 695 1036; x_wconf 88' lang='lat' dir='ltr'><strong>quia</strong></span> <span class='ocrx_word' id='word_1_34' title='bbox 710 953 937 1017; x_wconf 87' lang='lat' dir='ltr'><strong>certissimum</strong></span> <span class='ocrx_word' id='word_1_35' title='bbox 954 961 1030 1017; x_wconf 86' lang='lat' dir='ltr'><strong>erat</strong></span> <span class='ocrx_word' id='word_1_36' title='bbox 1044 973 1167 1019; x_wconf 87' lang='lat' dir='ltr'><strong>manus</strong></span> <span class='ocrx_word' id='word_1_37' title='bbox 1288 960 1292 965; x_wconf 84' lang='grc'><strong>’</strong></span> 
     </span>
     <span class='ocr_line' id='line_1_6' title="bbox 218 1052 1167 1135; baseline 0.003 -20"><span class='ocrx_word' id='word_1_38' title='bbox 218 1053 322 1133; x_wconf 88' lang='lat' dir='ltr'><strong>regis,</strong></span> <span class='ocrx_word' id='word_1_39' title='bbox 338 1053 403 1116; x_wconf 87' lang='lat' dir='ltr'><strong>nisi</strong></span> <span class='ocrx_word' id='word_1_40' title='bbox 420 1053 456 1117; x_wconf 89' lang='lat' dir='ltr'><strong>in</strong></span> <span class='ocrx_word' id='word_1_41' title='bbox 476 1053 665 1117; x_wconf 83' lang='lat' dir='ltr'><strong>redditione</strong></span> <span class='ocrx_word' id='word_1_42' title='bbox 681 1052 827 1130; x_wconf 82' lang='lat' dir='ltr'><strong>castelli,</strong></span> <span class='ocrx_word' id='word_1_43' title='bbox 842 1053 1037 1117; x_wconf 88' lang='lat' dir='ltr'><strong>nullatenus</strong></span> <span class='ocrx_word' id='word_1_44' title='bbox 1064 1070 1167 1135; x_wconf 86' lang='lat' dir='ltr'><strong>posse</strong></span> 
     </span>
     <span class='ocr_line' id='line_1_7' title="bbox 220 1151 1166 1235; baseline 0.002 -20"><span class='ocrx_word' id='word_1_45' title='bbox 220 1151 397 1235; x_wconf 81' lang='lat' dir='ltr'><strong>diffugere,</strong></span> <span class='ocrx_word' id='word_1_46' title='bbox 415 1153 497 1217; x_wconf 85' lang='lat' dir='ltr'><strong>vitae</strong></span> <span class='ocrx_word' id='word_1_47' title='bbox 513 1172 586 1216; x_wconf 89' lang='lat' dir='ltr'><strong>suae</strong></span> <span class='ocrx_word' id='word_1_48' title='bbox 602 1152 742 1215; x_wconf 89' lang='lat' dir='ltr'><strong>tandem</strong></span> <span class='ocrx_word' id='word_1_49' title='bbox 759 1152 955 1230; x_wconf 85' lang='lat' dir='ltr'><strong>consulens,</strong></span> <span class='ocrx_word' id='word_1_50' title='bbox 969 1152 1062 1233; x_wconf 84' lang='lat' dir='ltr'><strong>regis</strong></span> <span class='ocrx_word' id='word_1_51' title='bbox 1078 1153 1166 1235; x_wconf 88' lang='lat' dir='ltr'><strong>peti·</strong></span> 
     </span>
     <span class='ocr_line' id='line_1_8' title="bbox 220 1249 1022 1331; baseline -0.002 -13"><span class='ocrx_word' id='word_1_52' title='bbox 220 1252 318 1331; x_wconf 91' lang='lat' dir='ltr'><strong>tioni,</strong></span> <span class='ocrx_word' id='word_1_53' title='bbox 334 1260 374 1317; x_wconf 89' lang='lat' dir='ltr'><strong>ut</strong></span> <span class='ocrx_word' id='word_1_54' title='bbox 389 1252 510 1328; x_wconf 90' lang='lat' dir='ltr'><strong>voluit,</strong></span> <span class='ocrx_word' id='word_1_55' title='bbox 528 1252 689 1316; x_wconf 86' lang='lat' dir='ltr'><strong>occurrit.</strong></span> <span class='ocrx_word' id='word_1_56' title='bbox 767 1262 772 1271; x_wconf 74' lang='grc'><em>“</em></span> <span class='ocrx_word' id='word_1_57' title='bbox 1019 1249 1022 1255; x_wconf 82' lang='grc'><strong>’</strong></span> 
     </span>
     <span class='ocr_line' id='line_1_9' title="bbox 271 1350 1166 1433; baseline -0.002 -17"><span class='ocrx_word' id='word_1_58' title='bbox 271 1352 365 1416; x_wconf 91' lang='lat' dir='ltr'><strong>Dum</strong></span> <span class='ocrx_word' id='word_1_59' title='bbox 380 1351 446 1417; x_wconf 86' lang='lat' dir='ltr'><strong>ista</strong></span> <span class='ocrx_word' id='word_1_60' title='bbox 462 1352 525 1417; x_wconf 88' lang='lat' dir='ltr'><strong>tali</strong></span> <span class='ocrx_word' id='word_1_61' title='bbox 539 1352 641 1416; x_wconf 90' lang='lat' dir='ltr'><strong>modo</strong></span> <span class='ocrx_word' id='word_1_62' title='bbox 656 1351 710 1415; x_wconf 89' lang='lat' dir='ltr'><strong>his</strong></span> <span class='ocrx_word' id='word_1_63' title='bbox 727 1351 763 1417; x_wconf 93' lang='lat' dir='ltr'><strong>in</strong></span> <span class='ocrx_word' id='word_1_64' title='bbox 780 1350 938 1433; x_wconf 83' lang='lat' dir='ltr'><strong>partibus</strong></span> <span class='ocrx_word' id='word_1_65' title='bbox 952 1358 1166 1433; x_wconf 82' lang='lat' dir='ltr'><strong>gererentur,</strong></span> 
     </span>
     <span class='ocr_line' id='line_1_10' title="bbox 220 1446 1166 1533; baseline 0.002 -20"><span class='ocrx_word' id='word_1_66' title='bbox 220 1456 256 1514; x_wconf 92' lang='lat' dir='ltr'><strong>et</strong></span> <span class='ocrx_word' id='word_1_67' title='bbox 265 1446 331 1514; x_wconf 69' lang='lat' dir='ltr'><strong>ren</strong></span> <span class='ocrx_word' id='word_1_68' title='bbox 340 1452 376 1515; x_wconf 92' lang='lat' dir='ltr'><strong>in</strong></span> <span class='ocrx_word' id='word_1_69' title='bbox 386 1452 463 1515; x_wconf 88' lang='lat' dir='ltr'><strong>aliis</strong></span> <span class='ocrx_word' id='word_1_70' title='bbox 478 1450 638 1516; x_wconf 90' lang='lat' dir='ltr'><strong>sedandis</strong></span> <span class='ocrx_word' id='word_1_71' title='bbox 653 1450 843 1527; x_wconf 87' lang='lat' dir='ltr'><strong>discordiis,</strong></span> <span class='ocrx_word' id='word_1_72' title='bbox 853 1451 897 1514; x_wconf 90' lang='lat' dir='ltr'><strong>ad</strong></span> <span class='ocrx_word' id='word_1_73' title='bbox 913 1452 983 1515; x_wconf 86' lang='lat' dir='ltr'><strong>alia</strong></span> <span class='ocrx_word' id='word_1_74' title='bbox 997 1452 1075 1515; x_wconf 87' lang='lat' dir='ltr'><strong>loca</strong></span> <span class='ocrx_word' id='word_1_75' title='bbox 1086 1472 1166 1533; x_wconf 89' lang='lat' dir='ltr'><strong>pro·</strong></span> 
     </span>
     <span class='ocr_line' id='line_1_11' title="bbox 221 1546 1167 1629; baseline 0 -15"><span class='ocrx_word' id='word_1_76' title='bbox 221 1558 428 1629; x_wconf 86' lang='lat' dir='ltr'><strong>moveretur,</strong></span> <span class='ocrx_word' id='word_1_77' title='bbox 453 1550 580 1615; x_wconf 90' lang='lat' dir='ltr'><strong>milites</strong></span> <span class='ocrx_word' id='word_1_78' title='bbox 606 1550 752 1615; x_wconf 85' lang='lat' dir='ltr'><strong>Roberti</strong></span> <span class='ocrx_word' id='word_1_79' title='bbox 775 1546 1000 1614; x_wconf 86' lang='lat' dir='ltr'><strong>Glaornensis</strong></span> <span class='ocrx_word' id='word_1_80' title='bbox 1021 1551 1167 1627; x_wconf 91' lang='lat' dir='ltr'><strong>comitis,</strong></span> 
     </span>
     <span class='ocr_line' id='line_1_12' title="bbox 221 1646 1310 1734; baseline 0.002 -21"><span class='ocrx_word' id='word_1_81' title='bbox 221 1649 417 1715; x_wconf 91' lang='lat' dir='ltr'><strong>Willelmus</strong></span> <span class='ocrx_word' id='word_1_82' title='bbox 436 1646 568 1715; x_wconf 89' lang='lat' dir='ltr'><strong>scilicet</strong></span> <span class='ocrx_word' id='word_1_83' title='bbox 582 1649 624 1713; x_wconf 91' lang='lat' dir='ltr'><strong>de</strong></span> <span class='ocrx_word' id='word_1_84' title='bbox 640 1648 782 1726; x_wconf 91' lang='lat' dir='ltr'><strong>Dovre,¹</strong></span> <span class='ocrx_word' id='word_1_85' title='bbox 799 1658 835 1714; x_wconf 92' lang='lat' dir='ltr'><strong>et</strong></span> <span class='ocrx_word' id='word_1_86' title='bbox 849 1651 915 1727; x_wconf 91' lang='lat' dir='ltr'><strong>sui,</strong></span> <span class='ocrx_word' id='word_1_87' title='bbox 930 1650 1029 1734; x_wconf 87' lang='lat' dir='ltr'><strong>cujus</strong></span> <span class='ocrx_word' id='word_1_88' title='bbox 1046 1650 1167 1715; x_wconf 87' lang='lat' dir='ltr'><strong>crude·</strong></span> <span class='ocrx_word' id='word_1_89' title='bbox 1180 1674 1310 1715; x_wconf 66' lang='lat' dir='ltr'><strong>nmmos</strong></span> 
     </span>
     <span class='ocr_line' id='line_1_13' title="bbox 221 1725 1301 1834; baseline 0.003 -21"><span class='ocrx_word' id='word_1_90' title='bbox 221 1750 329 1814; x_wconf 88' lang='lat' dir='ltr'><strong>litatis</strong></span> <span class='ocrx_word' id='word_1_91' title='bbox 346 1750 485 1814; x_wconf 89' lang='lat' dir='ltr'><strong>modum</strong></span> <span class='ocrx_word' id='word_1_92' title='bbox 503 1750 622 1833; x_wconf 85' lang='lat' dir='ltr'><strong>paucis</strong></span> <span class='ocrx_word' id='word_1_93' title='bbox 642 1747 916 1832; x_wconf 85' lang='lat' dir='ltr'><strong>perstrinximus,</strong></span> <span class='ocrx_word' id='word_1_94' title='bbox 931 1750 1168 1834; x_wconf 82' lang='lat' dir='ltr'><strong>persecutione</strong></span> <span class='ocrx_word' id='word_1_95' title='bbox 1179 1725 1301 1816; x_wconf 51' lang='lat' dir='ltr'><strong>wil·-</strong></span> 
     </span>
     <span class='ocr_line' id='line_1_14' title="bbox 222 1826 1233 1932; baseline 0.001 -20"><span class='ocrx_word' id='word_1_96' title='bbox 222 1849 417 1913; x_wconf 83' lang='lat' dir='ltr'><strong>incessabili</strong></span> <span class='ocrx_word' id='word_1_97' title='bbox 446 1851 483 1914; x_wconf 91' lang='lat' dir='ltr'><strong>in</strong></span> <span class='ocrx_word' id='word_1_98' title='bbox 514 1850 649 1931; x_wconf 85' lang='lat' dir='ltr'><strong>rogales</strong></span> <span class='ocrx_word' id='word_1_99' title='bbox 675 1849 874 1927; x_wconf 87' lang='lat' dir='ltr'><strong>efferuntur,</strong></span> <span class='ocrx_word' id='word_1_100' title='bbox 907 1856 943 1913; x_wconf 90' lang='lat' dir='ltr'><strong>et</strong></span> <span class='ocrx_word' id='word_1_101' title='bbox 969 1869 1061 1913; x_wconf 91' lang='lat' dir='ltr'><strong>nunc</strong></span> <span class='ocrx_word' id='word_1_102' title='bbox 1090 1852 1167 1932; x_wconf 91' lang='lat' dir='ltr'><strong>qui·</strong></span> <span class='ocrx_word' id='word_1_103' title='bbox 1180 1826 1233 1874; x_wconf 68' lang='lat'><strong>&#39;⁰¹⁶&#39;</strong></span> 
     </span>
     <span class='ocr_line' id='line_1_15' title="bbox 223 1944 1167 2031; baseline 0.002 -20"><span class='ocrx_word' id='word_1_104' title='bbox 223 1949 300 2012; x_wconf 88' lang='lat' dir='ltr'><strong>dem</strong></span> <span class='ocrx_word' id='word_1_105' title='bbox 330 1944 496 2014; x_wconf 82' lang='lat' dir='ltr'><strong>adversus</strong></span> <span class='ocrx_word' id='word_1_106' title='bbox 520 1968 591 2026; x_wconf 91' lang='lat' dir='ltr'><strong>eos,</strong></span> <span class='ocrx_word' id='word_1_107' title='bbox 613 1969 700 2031; x_wconf 91' lang='lat' dir='ltr'><strong>quos</strong></span> <span class='ocrx_word' id='word_1_108' title='bbox 725 1966 787 2013; x_wconf 85' lang='lat' dir='ltr'><strong>rex</strong></span> <span class='ocrx_word' id='word_1_109' title='bbox 810 1949 1009 2014; x_wconf 86' lang='lat' dir='ltr'><strong>incivitate</strong></span> <span class='ocrx_word' id='word_1_110' title='bbox 1029 1949 1167 2014; x_wconf 83' lang='lat' dir='ltr'><strong>Oxene-</strong></span> 
     </span>
     <span class='ocr_line' id='line_1_16' title="bbox 223 2048 1168 2133; baseline 0.004 -23"><span class='ocrx_word' id='word_1_111' title='bbox 223 2048 354 2127; x_wconf 90' lang='lat' dir='ltr'><strong>fordiae‚</strong></span> <span class='ocrx_word' id='word_1_112' title='bbox 366 2049 409 2113; x_wconf 86' lang='lat' dir='ltr'><strong>ad</strong></span> <span class='ocrx_word' id='word_1_113' title='bbox 420 2049 542 2133; x_wconf 86' lang='lat' dir='ltr'><strong>patriae</strong></span> <span class='ocrx_word' id='word_1_114' title='bbox 553 2048 747 2126; x_wconf 89' lang='lat' dir='ltr'><strong>tuitionem,</strong></span> <span class='ocrx_word' id='word_1_115' title='bbox 752 2049 951 2132; x_wconf 85' lang='lat' dir='ltr'><strong>reliquerat,</strong></span> <span class='ocrx_word' id='word_1_116' title='bbox 964 2049 1127 2126; x_wconf 88' lang='lat' dir='ltr'><strong>tumultu,</strong></span> <span class='ocrx_word' id='word_1_117' title='bbox 1132 2057 1168 2115; x_wconf 84' lang='lat' dir='ltr'><strong>at</strong></span> 
     </span>
     <span class='ocr_line' id='line_1_17' title="bbox 223 2144 1323 2231; baseline -0.004 -20"><span class='ocrx_word' id='word_1_118' title='bbox 223 2144 357 2230; x_wconf 66' lang='lat' dir='ltr'><strong>rapinis,</strong></span> <span class='ocrx_word' id='word_1_119' title='bbox 372 2150 461 2231; x_wconf 84' lang='lat' dir='ltr'><strong>igne,</strong></span> <span class='ocrx_word' id='word_1_120' title='bbox 478 2156 514 2213; x_wconf 92' lang='lat' dir='ltr'><strong>et</strong></span> <span class='ocrx_word' id='word_1_121' title='bbox 528 2149 657 2231; x_wconf 83' lang='lat' dir='ltr'><strong>gladio,</strong></span> <span class='ocrx_word' id='word_1_122' title='bbox 672 2148 891 2213; x_wconf 75' lang='lat' dir='ltr'><strong>infestissime</strong></span> <span class='ocrx_word' id='word_1_123' title='bbox 913 2148 1144 2214; x_wconf 77' lang='lat' dir='ltr'><strong>desaevierunt</strong></span> <span class='ocrx_word' id='word_1_124' title='bbox 1158 2169 1167 2228; x_wconf 93' lang='lat'>;</span> <span class='ocrx_word' id='word_1_125' title='bbox 1180 2172 1268 2213; x_wconf 70' lang='lat' dir='ltr'><strong>mern</strong></span> <span class='ocrx_word' id='word_1_126' title='bbox 1276 2182 1323 2223; x_wconf 70' lang='lat' dir='ltr'><strong>ru·</strong></span> 
     </span>
     <span class='ocr_line' id='line_1_18' title="bbox 223 2223 1320 2331; baseline 0 -21"><span class='ocrx_word' id='word_1_127' title='bbox 223 2267 314 2311; x_wconf 88' lang='lat' dir='ltr'><strong>nunc</strong></span> <span class='ocrx_word' id='word_1_128' title='bbox 342 2256 463 2313; x_wconf 89' lang='lat' dir='ltr'><strong>contra</strong></span> <span class='ocrx_word' id='word_1_129' title='bbox 492 2249 582 2326; x_wconf 88' lang='lat' dir='ltr'><strong>illos,</strong></span> <span class='ocrx_word' id='word_1_130' title='bbox 609 2250 680 2331; x_wconf 88' lang='lat' dir='ltr'><strong>qui,</strong></span> <span class='ocrx_word' id='word_1_131' title='bbox 696 2250 771 2313; x_wconf 89' lang='lat' dir='ltr'><strong>vice</strong></span> <span class='ocrx_word' id='word_1_132' title='bbox 801 2250 905 2331; x_wconf 89' lang='lat' dir='ltr'><strong>regis,</strong></span> <span class='ocrx_word' id='word_1_133' title='bbox 921 2248 1168 2313; x_wconf 80' lang='lat' dir='ltr'><strong>Malmesbiriae</strong></span> <span class='ocrx_word' id='word_1_134' title='bbox 1179 2223 1320 2322; x_wconf 56' lang='lat' dir='ltr'><strong>mian.</strong></span> 
     </span>
     <span class='ocr_line' id='line_1_19' title="bbox 223 2346 1169 2431; baseline 0.003 -21"><span class='ocrx_word' id='word_1_135' title='bbox 223 2348 421 2429; x_wconf 86' lang='lat' dir='ltr'><strong>praesidium</strong></span> <span class='ocrx_word' id='word_1_136' title='bbox 444 2349 686 2426; x_wconf 83' lang='lat' dir='ltr'><strong>observabant,</strong></span> <span class='ocrx_word' id='word_1_137' title='bbox 708 2348 918 2411; x_wconf 87' lang='lat' dir='ltr'><strong>saevissimos</strong></span> <span class='ocrx_word' id='word_1_138' title='bbox 943 2346 1048 2429; x_wconf 75' lang='lat' dir='ltr'><strong>quam</strong></span> <span class='ocrx_word' id='word_1_139' title='bbox 1076 2348 1169 2431; x_wconf 73' lang='lat' dir='ltr'><strong>saepe</strong></span> 
     </span>
     <span class='ocr_line' id='line_1_20' title="bbox 223 2446 1168 2532; baseline -0.006 -14"><span class='ocrx_word' id='word_1_140' title='bbox 223 2447 372 2531; x_wconf 82' lang='lat' dir='ltr'><strong>impetus</strong></span> <span class='ocrx_word' id='word_1_141' title='bbox 401 2454 558 2530; x_wconf 86' lang='lat' dir='ltr'><strong>egerunt,</strong></span> <span class='ocrx_word' id='word_1_142' title='bbox 581 2466 768 2530; x_wconf 88' lang='lat' dir='ltr'><strong>numquam</strong></span> <span class='ocrx_word' id='word_1_143' title='bbox 785 2447 861 2513; x_wconf 91' lang='lat' dir='ltr'><strong>sine</strong></span> <span class='ocrx_word' id='word_1_144' title='bbox 883 2446 1072 2532; x_wconf 86' lang='lat' dir='ltr'><strong>adjacentis</strong></span> <span class='ocrx_word' id='word_1_145' title='bbox 1092 2467 1168 2530; x_wconf 91' lang='lat' dir='ltr'><strong>pro·</strong></span> 
     </span>
     <span class='ocr_line' id='line_1_21' title="bbox 224 2541 1169 2631; baseline -0.001 -19"><span class='ocrx_word' id='word_1_146' title='bbox 224 2549 346 2612; x_wconf 84' lang='lat' dir='ltr'><strong>vinciae</strong></span> <span class='ocrx_word' id='word_1_147' title='bbox 361 2549 514 2613; x_wconf 84' lang='lat' dir='ltr'><strong>maximo</strong></span> <span class='ocrx_word' id='word_1_148' title='bbox 529 2541 746 2625; x_wconf 86' lang='lat' dir='ltr'><strong>detrimento,</strong></span> <span class='ocrx_word' id='word_1_149' title='bbox 757 2567 945 2631; x_wconf 89' lang='lat' dir='ltr'><strong>numquam</strong></span> <span class='ocrx_word' id='word_1_150' title='bbox 960 2549 1169 2612; x_wconf 85' lang='lat' dir='ltr'><strong>sineutrius·</strong></span> 
     </span>
     <span class='ocr_line' id='line_1_22' title="bbox 224 2647 1334 2731; baseline -0.001 -19"><span class='ocrx_word' id='word_1_151' title='bbox 224 2648 277 2712; x_wconf 92' lang='lat' dir='ltr'><strong>vis</strong></span> <span class='ocrx_word' id='word_1_152' title='bbox 300 2649 409 2731; x_wconf 86' lang='lat' dir='ltr'><strong>partis</strong></span> <span class='ocrx_word' id='word_1_153' title='bbox 431 2647 686 2713; x_wconf 86' lang='lat' dir='ltr'><strong>inrestaurabili</strong></span> <span class='ocrx_word' id='word_1_154' title='bbox 715 2647 858 2727; x_wconf 83' lang='lat' dir='ltr'><strong>damno;</strong></span> <span class='ocrx_word' id='word_1_155' title='bbox 887 2666 951 2712; x_wconf 90' lang='lat' dir='ltr'><strong>nec</strong></span> <span class='ocrx_word' id='word_1_156' title='bbox 973 2647 1170 2712; x_wconf 87' lang='lat' dir='ltr'><strong>Willelmns</strong></span> <span class='ocrx_word' id='word_1_157' title='bbox 1183 2670 1334 2711; x_wconf 63' lang='lat' dir='ltr'><strong>mannas</strong></span> 
     </span>
     <span class='ocr_line' id='line_1_23' title="bbox 223 2720 1332 2830; baseline 0.001 -21"><span class='ocrx_word' id='word_1_158' title='bbox 223 2743 282 2812; x_wconf 83' lang='lat' dir='ltr'><strong>ille</strong></span> <span class='ocrx_word' id='word_1_159' title='bbox 304 2750 348 2812; x_wconf 86' lang='lat' dir='ltr'><strong>ab</strong></span> <span class='ocrx_word' id='word_1_160' title='bbox 371 2745 511 2812; x_wconf 69' lang='lat' dir='ltr'><strong>assidui</strong></span> <span class='ocrx_word' id='word_1_161' title='bbox 534 2748 703 2829; x_wconf 86' lang='lat' dir='ltr'><strong>regalium</strong></span> <span class='ocrx_word' id='word_1_162' title='bbox 725 2748 985 2830; x_wconf 85' lang='lat' dir='ltr'><strong>impugnatione</strong></span> <span class='ocrx_word' id='word_1_163' title='bbox 1007 2765 1169 2829; x_wconf 91' lang='lat' dir='ltr'><strong>umquam</strong></span> <span class='ocrx_word' id='word_1_164' title='bbox 1182 2720 1332 2810; x_wconf 48' lang='lat' dir='ltr'><strong>iiepffifq’</strong></span> 
     </span>
     <span class='ocr_line' id='line_1_24' title="bbox 224 2821 1304 2930; baseline 0.001 -20"><span class='ocrx_word' id='word_1_165' title='bbox 224 2849 383 2926; x_wconf 87' lang='lat' dir='ltr'><strong>cessavit,</strong></span> <span class='ocrx_word' id='word_1_166' title='bbox 399 2867 579 2930; x_wconf 85' lang='lat' dir='ltr'><strong>quousque</strong></span> <span class='ocrx_word' id='word_1_167' title='bbox 602 2854 742 2930; x_wconf 88' lang='lat' dir='ltr'><strong>captum</strong></span> <span class='ocrx_word' id='word_1_168' title='bbox 759 2847 898 2912; x_wconf 86' lang='lat' dir='ltr'><strong>taudem</strong></span> <span class='ocrx_word' id='word_1_169' title='bbox 915 2843 1058 2924; x_wconf 87' lang='lat' dir='ltr'><strong>insidiis,</strong></span> <span class='ocrx_word' id='word_1_170' title='bbox 1072 2847 1170 2912; x_wconf 87' lang='lat' dir='ltr'><strong>Wal-</strong></span> <span class='ocrx_word' id='word_1_171' title='bbox 1183 2821 1304 2922; x_wconf 60' lang='lat' dir='ltr'><strong>{iiiiii</strong></span> 
     </span>
     <span class='ocr_line' id='line_1_25' title="bbox 223 2921 1258 3030; baseline 0 -19"><span class='ocrx_word' id='word_1_172' title='bbox 223 2954 348 3024; x_wconf 85' lang='lat' dir='ltr'><strong>terum,</strong></span> <span class='ocrx_word' id='word_1_173' title='bbox 370 2967 472 3030; x_wconf 87' lang='lat' dir='ltr'><strong>quem</strong></span> <span class='ocrx_word' id='word_1_174' title='bbox 494 2968 556 3011; x_wconf 87' lang='lat' dir='ltr'><strong>rex</strong></span> <span class='ocrx_word' id='word_1_175' title='bbox 578 2947 712 3015; x_wconf 89' lang='lat' dir='ltr'><strong>militiae</strong></span> <span class='ocrx_word' id='word_1_176' title='bbox 738 2947 1029 3012; x_wconf 86' lang='lat' dir='ltr'><strong>Malmesbiriensi</strong></span> <span class='ocrx_word' id='word_1_177' title='bbox 1053 2921 1258 3029; x_wconf 61' lang='lat' dir='ltr'><strong>primi-‘⁰¹⁰²</strong></span> 
     </span>
     <span class='ocr_line' id='line_1_26' title="bbox 223 3047 1172 3130; baseline 0.002 -21"><span class='ocrx_word' id='word_1_178' title='bbox 223 3047 331 3128; x_wconf 85' lang='lat' dir='ltr'><strong>pilum</strong></span> <span class='ocrx_word' id='word_1_179' title='bbox 366 3047 580 3130; x_wconf 76' lang='lat' dir='ltr'><strong>praefecerat,</strong></span> <span class='ocrx_word' id='word_1_180' title='bbox 611 3048 723 3112; x_wconf 90' lang='lat' dir='ltr'><strong>virum</strong></span> <span class='ocrx_word' id='word_1_181' title='bbox 757 3054 983 3124; x_wconf 83' lang='lat' dir='ltr'><strong>constantem,</strong></span> <span class='ocrx_word' id='word_1_182' title='bbox 1006 3054 1042 3112; x_wconf 91' lang='lat' dir='ltr'><strong>et</strong></span> <span class='ocrx_word' id='word_1_183' title='bbox 1078 3049 1172 3112; x_wconf 87' lang='lat' dir='ltr'><strong>circa</strong></span> 
     </span>
     <span class='ocr_line' id='line_1_27' title="bbox 224 3144 1335 3231; baseline 0 -23"><span class='ocrx_word' id='word_1_184' title='bbox 224 3144 368 3212; x_wconf 87' lang='lat' dir='ltr'><strong>martios</strong></span> <span class='ocrx_word' id='word_1_185' title='bbox 385 3148 526 3213; x_wconf 85' lang='lat' dir='ltr'><strong>sudores</strong></span> <span class='ocrx_word' id='word_1_186' title='bbox 543 3144 834 3231; x_wconf 89' lang='lat' dir='ltr'><strong>probatissimum,</strong></span> <span class='ocrx_word' id='word_1_187' title='bbox 850 3147 1035 3212; x_wconf 85' lang='lat' dir='ltr'><strong>comitissae</strong></span> <span class='ocrx_word' id='word_1_188' title='bbox 1053 3145 1170 3211; x_wconf 87' lang='lat' dir='ltr'><strong>Ande·</strong></span> <span class='ocrx_word' id='word_1_189' title='bbox 1183 3167 1335 3209; x_wconf 58' lang='lat' dir='ltr'><strong>norvanum</strong></span> 
     </span>
     <span class='ocr_line' id='line_1_28' title="bbox 224 3219 1332 3328; baseline -0.001 -18"><span class='ocrx_word' id='word_1_190' title='bbox 224 3249 380 3327; x_wconf 86' lang='lat' dir='ltr'><strong>gavensi,</strong></span> <span class='ocrx_word' id='word_1_191' title='bbox 389 3254 425 3311; x_wconf 91' lang='lat' dir='ltr'><strong>et</strong></span> <span class='ocrx_word' id='word_1_192' title='bbox 439 3267 503 3312; x_wconf 90' lang='lat' dir='ltr'><strong>suo</strong></span> <span class='ocrx_word' id='word_1_193' title='bbox 518 3245 588 3311; x_wconf 89' lang='lat' dir='ltr'><strong>filio</strong></span> <span class='ocrx_word' id='word_1_194' title='bbox 605 3247 787 3323; x_wconf 87' lang='lat' dir='ltr'><strong>commisit,</strong></span> <span class='ocrx_word' id='word_1_195' title='bbox 803 3246 1051 3328; x_wconf 88' lang='lat' dir='ltr'><strong>malorumque,</strong></span> <span class='ocrx_word' id='word_1_196' title='bbox 1066 3254 1101 3312; x_wconf 89' lang='lat' dir='ltr'><strong>et</strong></span> <span class='ocrx_word' id='word_1_197' title='bbox 1117 3247 1170 3310; x_wconf 88' lang='lat' dir='ltr'><strong>af·</strong></span> <span class='ocrx_word' id='word_1_198' title='bbox 1182 3219 1332 3309; x_wconf 39' lang='lat' dir='ltr'><strong>aquosus-</strong></span> 
     </span>
     <span class='ocr_line' id='line_1_29' title="bbox 224 3340 1173 3429; baseline 0.002 -21"><span class='ocrx_word' id='word_1_199' title='bbox 224 3343 425 3423; x_wconf 84' lang='lat' dir='ltr'><strong>dictionum,</strong></span> <span class='ocrx_word' id='word_1_200' title='bbox 448 3366 527 3428; x_wconf 88' lang='lat' dir='ltr'><strong>quae</strong></span> <span class='ocrx_word' id='word_1_201' title='bbox 548 3341 583 3410; x_wconf 88' lang='lat' dir='ltr'><strong>in</strong></span> <span class='ocrx_word' id='word_1_202' title='bbox 605 3345 735 3429; x_wconf 88' lang='lat' dir='ltr'><strong>populo</strong></span> <span class='ocrx_word' id='word_1_203' title='bbox 758 3340 1008 3410; x_wconf 85' lang='lat' dir='ltr'><strong>immiserante&#39;r</strong></span> <span class='ocrx_word' id='word_1_204' title='bbox 1029 3360 1173 3410; x_wconf 60' lang='lat' dir='ltr'><strong>exercu:</strong></span> 
     </span>
     <span class='ocr_line' id='line_1_30' title="bbox 224 3439 1172 3529; baseline 0.002 -21"><span class='ocrx_word' id='word_1_205' title='bbox 224 3452 310 3522; x_wconf 87' lang='lat' dir='ltr'><strong>erat,</strong></span> <span class='ocrx_word' id='word_1_206' title='bbox 333 3439 516 3529; x_wconf 86' lang='lat' dir='ltr'><strong>poenitens,</strong></span> <span class='ocrx_word' id='word_1_207' title='bbox 541 3464 641 3510; x_wconf 86' lang='lat' dir='ltr'><strong>sacra</strong></span> <span class='ocrx_word' id='word_1_208' title='bbox 667 3444 899 3524; x_wconf 86' lang='lat' dir='ltr'><strong>Hierusalem,</strong></span> <span class='ocrx_word' id='word_1_209' title='bbox 927 3466 990 3529; x_wconf 88' lang='lat' dir='ltr'><strong>pro</strong></span> <span class='ocrx_word' id='word_1_210' title='bbox 1020 3447 1172 3529; x_wconf 85' lang='lat' dir='ltr'><strong>peccatis</strong></span> 
     </span>
     <span class='ocr_line' id='line_1_31' title="bbox 221 3544 1295 3629; baseline 0 -21"><span class='ocrx_word' id='word_1_211' title='bbox 221 3546 418 3628; x_wconf 68' lang='lat' dir='ltr'><strong>expiandis</strong></span> <span class='ocrx_word' id='word_1_212' title='bbox 441 3547 518 3611; x_wconf 88' lang='lat' dir='ltr'><strong>loca</strong></span> <span class='ocrx_word' id='word_1_213' title='bbox 543 3547 654 3629; x_wconf 90' lang='lat' dir='ltr'><strong>petiit,</strong></span> <span class='ocrx_word' id='word_1_214' title='bbox 677 3545 804 3628; x_wconf 90' lang='lat' dir='ltr'><strong>ibique,</strong></span> <span class='ocrx_word' id='word_1_215' title='bbox 827 3544 1171 3612; x_wconf 83' lang='lat' dir='ltr'><strong>contra&#39;obstinaces</strong></span> <span class='ocrx_word' id='word_1_216' title='bbox 1184 3568 1295 3609; x_wconf 65' lang='lat' dir='ltr'><strong>sonitus</strong></span> 
     </span>
     <span class='ocr_line' id='line_1_32' title="bbox 223 3620 1279 3723; baseline 0.002 -15"><span class='ocrx_word' id='word_1_217' title='bbox 223 3644 304 3710; x_wconf 88' lang='lat' dir='ltr'><strong>fidei</strong></span> <span class='ocrx_word' id='word_1_218' title='bbox 336 3639 544 3711; x_wconf 78' lang='lat' dir='ltr'><strong>Christianae</strong></span> <span class='ocrx_word' id='word_1_219' title='bbox 575 3645 791 3711; x_wconf 87' lang='lat' dir='ltr'><strong>adversarios</strong></span> <span class='ocrx_word' id='word_1_220' title='bbox 817 3646 963 3710; x_wconf 88' lang='lat' dir='ltr'><strong>viriliter</strong></span> <span class='ocrx_word' id='word_1_221' title='bbox 990 3646 1111 3723; x_wconf 88' lang='lat' dir='ltr'><strong>multa,</strong></span> <span class='ocrx_word' id='word_1_222' title='bbox 1137 3620 1279 3710; x_wconf 55' lang='lat' dir='ltr'><strong>atmm</strong></span> 
     </span>
     <span class='ocr_line' id='line_1_33' title="bbox 224 3744 1288 3826; baseline 0.003 -19"><span class='ocrx_word' id='word_1_223' title='bbox 224 3744 376 3826; x_wconf 73' lang='lat' dir='ltr'><strong>gloriose</strong></span> <span class='ocrx_word' id='word_1_224' title='bbox 402 3765 522 3826; x_wconf 88' lang='lat' dir='ltr'><strong>agens,</strong></span> <span class='ocrx_word' id='word_1_225' title='bbox 545 3745 690 3810; x_wconf 81' lang='lat' dir='ltr'><strong>feliciter</strong></span> <span class='ocrx_word' id='word_1_226' title='bbox 717 3744 856 3808; x_wconf 85' lang='lat' dir='ltr'><strong>tandem</strong></span> <span class='ocrx_word' id='word_1_227' title='bbox 885 3745 1086 3810; x_wconf 88' lang='lat' dir='ltr'><strong>interfectus</strong></span> <span class='ocrx_word' id='word_1_228' title='bbox 1114 3764 1172 3810; x_wconf 90' lang='lat' dir='ltr'><strong>oc·</strong></span> <span class='ocrx_word' id='word_1_229' title='bbox 1185 3768 1288 3810; x_wconf 73' lang='lat' dir='ltr'><strong>mnne</strong></span> 
     </span>
     <span class='ocr_line' id='line_1_34' title="bbox 225 3844 1166 3908; baseline -0.001 -1"><span class='ocrx_word' id='word_1_230' title='bbox 225 3844 355 3908; x_wconf 89' lang='lat' dir='ltr'><strong>cubuit.</strong></span> <span class='ocrx_word' id='word_1_231' title='bbox 1162 3867 1166 3872; x_wconf 93' lang='lat'><em>·</em></span> 
     </span>
     <span class='ocr_line' id='line_1_35' title="bbox 277 3936 1173 4024; baseline -0.002 -16"><span class='ocrx_word' id='word_1_232' title='bbox 277 3936 462 4008; x_wconf 82' lang='lat' dir='ltr'><strong>Comitissa</strong></span> <span class='ocrx_word' id='word_1_233' title='bbox 495 3943 614 4024; x_wconf 84' lang='lat' dir='ltr'><strong>itaque</strong></span> <span class='ocrx_word' id='word_1_234' title='bbox 646 3941 924 4024; x_wconf 82' lang='lat' dir='ltr'><strong>Andagavensis,</strong></span> <span class='ocrx_word' id='word_1_235' title='bbox 950 3951 1054 4008; x_wconf 87' lang='lat' dir='ltr'><strong>nacto</strong></span> <span class='ocrx_word' id='word_1_236' title='bbox 1086 3941 1173 4019; x_wconf 87' lang='lat' dir='ltr'><strong>viro,</strong></span> 
     </span>
     <span class='ocr_line' id='line_1_36' title="bbox 225 4040 1173 4126; baseline -0.001 -19"><span class='ocrx_word' id='word_1_237' title='bbox 225 4063 328 4126; x_wconf 91' lang='lat' dir='ltr'><strong>quem</strong></span> <span class='ocrx_word' id='word_1_238' title='bbox 359 4043 519 4108; x_wconf 89' lang='lat' dir='ltr'><strong>omnibus</strong></span> <span class='ocrx_word' id='word_1_239' title='bbox 556 4040 768 4126; x_wconf 82' lang='lat' dir='ltr'><strong>pertinaclirs</strong></span> <span class='ocrx_word' id='word_1_240' title='bbox 801 4042 1008 4108; x_wconf 81' lang='lat' dir='ltr'><strong>adversariis</strong></span> <span class='ocrx_word' id='word_1_241' title='bbox 1040 4043 1173 4120; x_wconf 86' lang='lat' dir='ltr'><strong>oderat,</strong></span> 
     </span>
     <span class='ocr_line' id='line_1_37' title="bbox 224 4139 1173 4225; baseline -0.002 -17"><span class='ocrx_word' id='word_1_242' title='bbox 224 4162 316 4208; x_wconf 92' lang='lat' dir='ltr'><strong>nunc</strong></span> <span class='ocrx_word' id='word_1_243' title='bbox 335 4143 511 4208; x_wconf 86' lang='lat' dir='ltr'><strong>blanditiis</strong></span> <span class='ocrx_word' id='word_1_244' title='bbox 533 4139 741 4206; x_wconf 83' lang='lat' dir='ltr'><strong>intermixtis</strong></span> <span class='ocrx_word' id='word_1_245' title='bbox 759 4141 966 4219; x_wconf 89' lang='lat' dir='ltr'><strong>demulcere,</strong></span> <span class='ocrx_word' id='word_1_246' title='bbox 982 4161 1074 4206; x_wconf 89' lang='lat' dir='ltr'><strong>nunc</strong></span> <span class='ocrx_word' id='word_1_247' title='bbox 1091 4155 1173 4225; x_wconf 83' lang='lat' dir='ltr'><strong>sup-</strong></span> 
     </span>
    </p>
   </div>
   <div class='ocr_carea' id='block_1_3' title="bbox 548 4292 857 4358">
    <p class='ocr_par' dir='ltr' id='par_1_3' title="bbox 548 4292 857 4358">
     <span class='ocr_line' id='line_1_38' title="bbox 548 4292 857 4358; baseline 0 -14"><span class='ocrx_word' id='word_1_248' title='bbox 548 4292 555 4323; x_wconf 94' lang='lat'><strong>¹</strong></span> <span class='ocrx_word' id='word_1_249' title='bbox 573 4295 720 4358; x_wconf 73' lang='lat' dir='ltr'><strong>nuciam,</strong></span> <span class='ocrx_word' id='word_1_250' title='bbox 730 4295 739 4324; x_wconf 87' lang='lat'>‘</span> <span class='ocrx_word' id='word_1_251' title='bbox 748 4294 857 4345; x_wconf 69' lang='lat' dir='ltr'><strong>Boura!</strong></span> 
     </span>
    </p>
   </div>
   <div class='ocr_carea' id='block_1_4' title="bbox 0 0 1598 5000">
    <p class='ocr_par' dir='ltr' id='par_1_4' title="bbox 0 0 1598 5000">
     <span class='ocr_line' id='line_1_39' title="bbox 0 0 1598 5000; baseline 0 0"><span class='ocrx_word' id='word_1_252' title='bbox 0 0 1598 5000; x_wconf 95' lang='lat' dir='ltr'><strong> </strong></span> 
     </span>
    </p>
   </div>
  </div>
 </body>
</html>
