3167 5000
523 501 629 557 asom
651 505 867 555 anononuu.
1125 491 1170 554 33

213 651 477 725 commotionem
499 664 647 746 sopitam
671 664 839 740 crederes,
854 669 890 727 et
903 662 1041 729 omnino
1056 664 1164 728 aboli-

213 765 296 834 tam,
320 771 399 825 ecce
425 763 533 827 totius
558 764 700 829 malitiae
726 764 842 842 radix,
867 771 903 828 et
935 764 1033 846 origo
1057 764 1093 827 in
1122 762 1212 828 ean·
1175 779 1305 870 mmpggpto
1305 789 1320 818 ιι

213 855 352 940 Angliae
383 870 493 944 parte,
520 883 598 945 quae
625 863 878 930 Nortbumbria
905 864 1308 947 dicitur,rapi-umum·be112nd

213 977 293 1022 nam
322 966 359 1023 et
386 961 592 1039 incendium,
623 963 828 1027 discordiam
863 971 898 1027 et
925 963 1055 1027 bellum
1084 984 1164 1046 pro-

212 1065 350 1123 motura
369 1062 532 1125 surrexit.
578 1062 667 1126 Tam
686 1083 852 1144 magnum
874 1062 1059 1139 enimvero,
1074 1070 1163 1126 tam-

213 1177 281 1240 que
303 1161 508 1242 stupendum
536 1162 602 1226 fuit
627 1164 693 1227 hoc
719 1162 861 1238 malum,
889 1169 1025 1226 utnon
1051 1161 1164 1226 solum

214 1256 408 1323 hominibus
423 1261 641 1338 horrendum,
655 1260 776 1326 verbm
789 1262 893 1325 etiam
905 1262 948 1325 de
962 1261 1051 1326 coelo
1067 1281 1164 1343 mag·

214 1377 296 1420 num
311 1359 524 1424 declaratum
548 1362 606 1438 sit,
621 1367 657 1424 et
671 1361 932 1440 admirandum3
956 1359 1036 1424 cnm
1059 1361 1165 1443 pauld

214 1456 398 1540 antequam
424 1459 488 1524 hoc
517 1461 730 1543 contigisset,
752 1461 938 1524 viderimus
960 1481 1030 1524 non
1056 1462 1164 1525 modi·
1176 1472 1270 1511 Praetern
1272 1474 1320 1511 ιιι-
1409 1470 1412 1475 ·

214 1575 291 1621 cam
327 1559 407 1623 coeli
436 1570 570 1642 partem
600 1561 643 1624 ad
679 1561 790 1624 instar
828 1561 976 1624 fornacis
1013 1522 1207 1624 ardentis¹⁸1
1218 1533 1284 1561 Μ
1285 1532 1332 1571 ψ’

213 1657 334 1738 igneas
349 1660 487 1741 spissim
502 1660 669 1725 scintillas
682 1660 1055 1742 emitere,1gn1tosque
1070 1661 1165 1724 mirae

214 1757 496 1840 conflagrationis
519 1761 651 1842 globoS,
666 1767 807 1841 tamque
825 1759 895 1823 vivi
919 1759 1067 1824 incendii
1090 1780 1165 1823 car-

216 1857 334 1935 bones,
361 1879 431 1923 non
457 1859 493 1922 in
515 1880 585 1924 uno
610 1858 757 1935 centnm,
785 1858 846 1922 sed
874 1858 983 1923 divise
1001 1861 1105 1924 variis
1130 1859 1166 1923 in

215 1957 301 2021 locis
316 1959 454 2040 agiliter
469 1977 558 2036 sese,
581 1967 617 2024 et
631 1959 816 2022 densanter
830 1978 978 2022 movere.
1032 1959 1078 2022 Et
1092 1959 1166 2022 haec

217 2057 377 2120 nimirum
402 2065 474 2122 tam
501 2067 633 2142 aperta,
657 2066 799 2140 tamque
822 2058 964 2122 visibilis
990 2059 1167 2139 ignivoma

216 2157 297 2221 coeli
319 2157 425 2223 iacies
447 2160 501 2223 vel
528 2159 681 2223 futuram
706 2158 851 2222 maximi
876 2159 1054 2240 sanguinis
1081 2158 1166 2220 effu-

216 2258 358 2334 sionem,
375 2258 430 2322 vel
453 2259 671 2336 indicibilem,
695 2279 774 2341 quae
803 2259 994 2322 subsecuta
1013 2264 1078 2334 est,
1101 2259 1166 2320 vil·

215 2356 340 2434 larum,
356 2366 391 2421 et
402 2359 537 2422 urbium
555 2360 770 2441 exprimebat
785 2357 1040 2421 cremationem.
1074 2355 1168 2434 Quia

217 2456 380 2531 Summus
394 2477 508 2522 rerum
515 2457 654 2542 Opisex,
661 2457 738 2523 cirm
749 2458 794 2522 sit
806 2457 999 2533 invisibilis,
1005 2457 1167 2539 ignoran-

216 2557 276 2622 tiae
288 2564 403 2621 tamen
414 2566 541 2624 nostrae
553 2559 608 2642 pie
621 2558 908 2634 condescendens,
914 2557 1096 2622 visibiliter
1105 2575 1168 2621 nos

218 2657 261 2723 de
283 2655 409 2722 futuris
434 2658 586 2735 instruit,
605 2672 639 2723 et
660 2657 847 2741 aliquando
869 2678 906 2721 re
921 2655 1006 2722 verb
1030 2657 1168 2738 signum

218 2756 261 2821 de
287 2757 375 2821 coelo
395 2758 439 2822 ad
462 2778 525 2822 nos
544 2758 779 2822 informandos
799 2756 962 2833 ostendit,
981 2756 1169 2837 aliquando

219 2877 281 2940 per
295 2857 469 2939 quaelibet,
478 2858 560 2941 ipso
576 2866 713 2940 agente,
729 2856 931 2933 accidentia,
945 2855 982 2920 in
997 2856 1098 2919 terris
1115 2857 1167 2919 in-

218 2958 355 3021 scitiam
380 2964 534 3021 nostram
557 2958 736 3034 certificat,
758 2965 794 3021 et
814 2956 1009 3039 praemunit.
1061 2955 1108 3018 Et
1126 2955 1169 3019 de

219 3057 309 3121 coelo
335 3057 484 3139 quidem,
496 3058 585 3121 siout
600 3057 636 3120 in
650 3057 738 3121 libro
755 3056 905 3138 Regum,
921 3054 999 3119 edm
1014 3053 1170 3119 viderent

220 3164 353 3238 partem
379 3158 459 3220 coeli
483 3157 621 3221 insolito
646 3158 823 3221 inductam
848 3157 984 3230 rubore,
1001 3153 1084 3218 belli
1103 3154 1171 3218 sci·

219 3256 301 3320 licet
326 3256 477 3319 sutoria
503 3255 579 3320 Deo
602 3261 905 3338 praemonstratum
930 3255 1080 3335 signnm,
1108 3272 1170 3316 ex·

221 3361 388 3437 ponentes
419 3354 583 3435 quidnam
611 3354 697 3418 illud
727 3353 967 3437 praetenderet,
996 3352 1171 3428 dixerunt,

222 3454 395 3536 ‘Sanguis
410 3461 464 3517 est
477 3453 607 3535 gladii!
660 3454 703 3517 In
718 3453 807 3518 libro
822 3471 960 3539 quoque
972 3451 1171 3516 Machabae·

223 3573 333 3630 orum,
349 3551 429 3617 cbm
442 3553 658 3619 intuerentur
671 3554 792 3635 igneas
815 3552 1005 3617 discurrere
1027 3553 1064 3615 in
1083 3552 1173 3616 coelo

222 3655 326 3730 acies,
342 3653 557 3736 militumque
581 3654 750 3718 aeriorum
775 3652 861 3717 nihil
883 3653 949 3715 nisi
963 3653 1079 3734 ignem
1101 3654 1172 3734 spi-

223 3754 373 3819 rantium
402 3772 599 3817 communes
632 3753 823 3829 conflictus,
852 3749 1029 3817 verissime
1064 3749 1173 3814 futuri

224 3854 307 3918 mali
330 3872 405 3917 esse
440 3855 674 3935 agnoscebant
701 3857 884 3935 portenta3
914 3849 1006 3931 quod
1021 3856 1072 3912 et
1099 3849 1174 3932 ipse

224 3952 444 4017 historiarum
478 3959 596 4018 textus
631 3952 683 4015 ita
719 3950 826 4014 fuisse
857 3948 1045 4013 certissime
1081 3968 1173 4013 com·

226 4052 375 4118 mendat.
429 4051 496 4115 Sed
519 4052 603 4115 etin
618 4050 719 4115 terris
735 4050 884 4133 plurima
898 4049 1048 4114 ostendit
1064 4049 1172 4123 Deus,

227 4172 305 4235 quae
320 4172 435 4216 rerum
456 4152 492 4215 in
515 4151 674 4234 proximo
690 4149 883 4215 futurarum
899 4156 1020 4232 aperta
1033 4149 1173 4211 fuerunt

226 4246 364 4329 indicia,
378 4253 468 4317 sicut
482 4252 681 4317 scissionem
703 4250 800 4333 pallii
824 4250 950 4325 Saulis,
974 4268 1052 4331 quae
1076 4248 1174 4329 regni

1001 4391 1025 4435 D
