3167 5000
403 489 447 552 14
713 503 828 552 cusrx
850 505 1043 560 srurrrxur,

401 661 503 725 dibus
538 675 700 742 namque,
718 669 753 726 et
782 660 909 742 praedae
938 659 1151 722 incessanter
1177 666 1354 735 vacantes,

401 768 526 825 terram
542 778 675 824 omnem
690 761 839 825 vomeris
855 761 1026 840 ignaram,
1044 757 1218 821 bominum
1236 766 1353 822 autem

402 879 547 925 vacuam
569 859 657 924 adeo
682 860 909 942 reliquerunt,
931 865 971 922 ut
988 857 1085 921 nulla
1109 856 1246 939 penitus
1273 877 1354 939 spes

237 979 387 1040 mensura-
400 960 482 1024 vitae
516 960 692 1042 sequentis
723 961 962 1040 inposterum
994 956 1255 1038 relinqueretur,
1291 957 1352 1020 sed

236 1030 362 1119 ffiffiebidi‘
401 1060 491 1136 tabe,
509 1066 545 1122 et
570 1056 686 1122 inediti
711 1058 838 1122 defecti
864 1063 1113 1139 postmortem
1139 1056 1352 1132 animalium,

237 1130 360 1179 ΜΝ
400 1179 478 1241 quae
523 1158 677 1240 praedam
714 1157 851 1221 illorum
891 1163 1075 1238 persecuta
1117 1163 1182 1232 est,
1217 1164 1253 1218 et
1285 1157 1352 1239 ipsi

398 1265 563 1339 corrupto
596 1277 639 1321 ex
670 1257 877 1321 cadaverum
909 1255 1140 1319 tabefactione
1166 1274 1244 1319 aere
1273 1275 1351 1336 per-

399 1357 535 1420 mixtim
561 1355 807 1420 moriebantur.
861 1355 951 1418 Haec
979 1374 1073 1431 vero,
1102 1374 1181 1436 quae
1206 1354 1350 1417 diversis

305 1464 319 1483 ·
398 1456 435 1519 in
451 1453 615 1519 Walonia
642 1457 820 1536 contigere
846 1455 1069 1536 temporibus,
1085 1455 1120 1518 in
1142 1473 1211 1517 uno
1232 1454 1349 1517 ordine

398 1555 594 1636 redigentes
630 1555 751 1636 paucis
784 1553 1062 1636 perstrinximus,
1093 1573 1138 1616 ue
1176 1553 1303 1617 totiens
1329 1573 1350 1616 a

399 1662 515 1735 coepto
542 1653 715 1717 tractandi
743 1654 852 1716 limite
880 1659 972 1716 esset
999 1652 1242 1728 aberrandum,
1267 1672 1350 1734 quo

399 1753 489 1816 tiens
510 1753 640 1833 aliquid
657 1753 840 1832 insigniter
861 1760 997 1833 gestum
1018 1770 1083 1815 suo
1100 1759 1193 1816 esset
1214 1753 1251 1815 in
1272 1752 1348 1815 loco

400 1850 652 1935 competentius
670 1851 919 1915 deflorandum.

236 1973 386 2013 reminas
443 1951 524 2014 Rex
557 1952 664 2032 igitur
698 1952 742 2014 ad
777 1970 922 2033 regnum
960 1948 1266 2032 tranquillandum,
1304 1949 1348 2012 ad

234 2025 376 2113 &Sillii
398 2068 517 2132 pacem
539 2050 823 2132 componendam,
842 2049 893 2112 uti
918 2048 1077 2131 superius
1092 2049 1265 2131 prolatum
1283 2057 1348 2126 est,

235 2123 381 2232 sntsspdssiinc
398 2149 546 2231 impiger
562 2149 723 2225 existere,
740 2151 900 2213 omnibus
926 2148 1061 2212 facilem
1085 2168 1135 2224 se,
1153 2156 1188 2212 et
1213 2167 1347 2212 accom-

234 2231 285 2314 lii?
294 2223 386 2272 ’ΜΝ
398 2249 536 2311 modum
562 2248 735 2324 exhibere,
763 2248 992 2312 exheredatos
1015 2249 1051 2310 in
1075 2246 1215 2330 propria
1248 2246 1348 2310 redu-

397 2366 488 2424 cere,
503 2348 540 2411 in
558 2347 802 2412 distribuendis
826 2347 1047 2412 ecclesiarum
1069 2345 1257 2409 honoribus
1271 2347 1348 2410 vitii

398 2447 577 2511 simoniaci
594 2466 719 2529 expers
743 2447 882 2511 omuino
904 2466 992 2523 esse,
1008 2447 1043 2510 in
1066 2447 1181 2510 causis
1198 2452 1346 2510 tractan-

398 2546 464 2623 dis,
489 2546 526 2610 in
553 2546 752 2611 hominibus
770 2547 850 2630 jure
875 2546 1052 2622 testandis,
1081 2546 1167 2609 nihil
1198 2546 1347 2628 impulsu

235 2667 277 2705 na
289 2666 348 2717 pay
398 2646 560 2723 muneriS,
577 2646 660 2710 nihil
678 2645 793 2728 gratia
811 2646 977 2710 mercedis
1001 2645 1175 2727 perficere.
1228 2644 1348 2709 Omni·

191 2776 194 2787 ·
233 2717 359 2816 intifff‘ffl'
397 2746 462 2808 bus
493 2746 713 2810 nihilominus
735 2746 886 2827 cuipiam
913 2744 1072 2826 religioni
1100 2744 1247 2809 addictis
1269 2765 1344 2809 cum

398 2844 519 2908 humili
545 2864 585 2907 se
617 2842 813 2909 reverentia
839 2844 1014 2921 inclinare,
1046 2845 1205 2908 omuibus
1236 2845 1348 2927 cujus-

398 2943 483 3007 libet
512 2944 627 3007 aetatis
654 2944 802 3007 habilem
833 2963 883 3021 se,
913 2951 949 3007 et
979 2943 1166 3007 flexibilem
1194 2943 1346 3009 reddere.

397 3041 485 3105 Tam
503 3043 642 3123 benigni
659 3043 776 3119 etiam,
790 3050 930 3126 tamque
947 3044 1118 3107 mansueti
1136 3051 1212 3107 erat
1229 3044 1346 3121 animi,

397 3149 437 3205 ut
453 3142 558 3223 regiae
575 3140 646 3205 sere
670 3142 850 3224 dignitatis
867 3141 994 3207 oblitus
1010 3143 1047 3205 iu
1064 3141 1182 3205 multis
1199 3144 1348 3223 negotiis

398 3260 466 3304 non
497 3259 535 3305 se
559 3242 632 3307 suis
671 3241 868 3324 praelatum,
894 3241 956 3304 sed
984 3241 1187 3305 omnimodis
1216 3261 1346 3323 parem,

233 3354 359 3443 gigig„
398 3341 605 3423 quandoque
629 3342 733 3405 etiarn
760 3341 954 3405 inferiorem
984 3341 1125 3404 videret.
1175 3340 1347 3425 Jamjam-

233 3452 292 3493 land·
360 3415 384 3455 ξ’
398 3459 464 3522 que
489 3440 533 3502 ad
559 3449 760 3503 consuetam
783 3460 917 3522 pacem,
934 3440 978 3503 ad
1000 3440 1138 3503 solitam
1156 3459 1193 3503 se
1217 3440 1347 3523 Anglia

398 3539 548 3619 quictem
589 3540 756 3620 paulatim
794 3539 1015 3615 informabat,
1047 3559 1234 3621 omnesque
1272 3541 1346 3604 sine

398 3635 471 3701 ulla
487 3636 664 3715 violentiis,
681 3638 757 3701 sine
779 3638 871 3702 omni
894 3640 1032 3702 omnino
1054 3640 1249 3716 exactione,
1266 3659 1346 3721 gra·

398 3735 447 3801 tia
477 3737 556 3814 Dei,
582 3757 644 3819 per
669 3757 774 3820 quarn
804 3758 903 3819 reges
934 3746 1096 3820 regnant,
1122 3738 1346 3803 inflecteban-

233 3848 368 3891 Thesrienu
397 3844 476 3913 tur;
502 3838 659 3919 exceptis
677 3837 883 3920 quibusdam
900 3838 992 3919 regis
1008 3837 1153 3901 Henrici
1169 3838 1301 3920 primiS,
1312 3847 1348 3904 et

230 3900 383 3998 didm·-
396 3935 690 4018 conjunctioribus
718 3938 849 4014 amicis,
873 3956 962 4020 quos
989 3956 1035 4000 ex
1056 3937 1191 4018 plebeio
1220 3957 1346 4019 genere

228 4002 351 4042 “mmm
395 4035 486 4097 inter
503 4037 648 4098 aulanos
672 4035 880 4118 juvenculos
898 4037 941 4099 ad
965 4037 1228 4100 ministrandum
1252 4056 1346 4101 assu-

395 4140 483 4210 etos,
498 4135 534 4197 in
558 4140 694 4197 tantum
724 4143 846 4217 postea
875 4136 1044 4218 singulari
1070 4135 1138 4199 sibi.
1165 4136 1347 4201 dilectione

375 4234 571 4310 astrinxit,
601 4241 640 4297 ut
668 4254 727 4297 eos
755 4236 941 4299 honoribus
971 4235 1100 4300 ditatos
1129 4235 1346 4317 largissimis,
