3167 5000
411 468 455 533 90
729 483 844 533 casua
869 482 1064 541 srnrnnru,

248 659 294 699 ru
282 656 520 747 magnusque
543 640 587 703 ad
613 639 846 721 impudentem
874 639 975 703 famis
1004 637 1151 702 inediam
1181 635 1362 700 castellum

246 709 384 848 ffiffaii.
410 740 644 805 inhabitantes
674 738 861 802 obsidendo
896 736 1041 819 redegit.
1110 735 1243 801 Verhrn
1274 754 1362 818 quo-

295 818 325 848 *
412 839 505 903 niam
543 838 768 920 providentiae
791 838 871 913 Dei,
894 835 1118 919 ejusdemque
1149 834 1359 918 judiciorum

309 996 311 999 .
410 956 523 1002 caecus
546 943 600 1000 est
618 934 863 1013 omnishomo,
883 941 981 998 etex
1006 942 1081 998 toto
1098 934 1251 1014 ignarus,
1266 934 1359 1014 quod

409 1056 472 1100 rex
495 1034 648 1101 virtuose
676 1033 848 1116 complere
872 1034 1061 1115 proposuit,
1092 1032 1225 1097 Deus'
1215 1052 1252 1095 m
1276 1039 1358 1096 con'-

245 1152 397 1201 meu
408 1137 553 1201 trarium
578 1132 718 1215 repente
738 1134 948 1197 immutavit.
989 1131 1083 1210 Quia
1098 1132 1180 1195 dum
1202 1129 1275 1196 lixa
1297 1132 1357 1195 ob·

304 1206 541 1297 “⁸⁸’sidione
575 1250 685 1314 usque
715 1232 799 1295 ad
788 1249 901 1313 rpsam
936 1230 1175 1312 captivitatem
1207 1230 1357 1294 comitis-

408 1350 483 1395 sam
504 1330 665 1395 claudere
687 1330 893 1406 intenderet,
916 1328 1006 1392 inter
1029 1335 1082 1393 tot
1111 1328 1240 1404 hosteS,
1269 1330 1359 1392 inter

407 1436 461 1494 tot
479 1430 637 1493 nocturni
654 1428 782 1492 silentii
793 1428 1027 1503 excubitores,
1037 1446 1124 1508 quos
1144 1447 1208 1491 rex
1223 1446 1268 1489 ex
1283 1446 1356 1489 om·

407 1528 442 1590 ni
472 1528 606 1593 castelli
631 1534 730 1609 parte
766 1528 902 1591 curiose
930 1526 1159 1608 disposuerat,
1193 1525 1356 1589 mirandis

406 1625 468 1690 illa
490 1627 600 1689 modis
620 1625 731 1689 illaesa
745 1626 868 1689 evasit.
912 1624 1011 1688 Fscis
1028 1643 1189 1705 namque,
1205 1632 1241 1688 et
1263 1626 1356 1689 omni

407 1724 545 1789 vivendi
569 1723 706 1802 solatio,
724 1724 812 1805 pene
838 1725 875 1786 in
898 1724 1041 1787 castello
1060 1723 1252 1799 exhaustis,
1274 1743 1357 1804 rege

406 1841 544 1905 quoque
565 1824 695 1888 viribus
710 1822 875 1899 animose,
889 1830 926 1886 et
943 1821 1122 1897 machinis,
1131 1820 1175 1885 ad
1192 1822 1277 1885 illud
1295 1823 1355 1890 ob

406 1922 583 1986 tinendum
620 1922 823 1998 desudante,
854 1921 926 1998 illa,
963 1919 1149 2003 plurimhm
1187 1927 1355 1997 coartata,

406 2021 613 2102 venturique
635 2040 681 2084 ex
697 2027 771 2085 toto
782 2020 968 2101 desperata
986 2018 1140 2096 subsidii,
1149 2020 1260 2083 trihus
1274 2039 1355 2101 pru·

405 2118 519 2183 dentis
545 2119 673 2201 ingenii
701 2138 738 2181 se
768 2118 1013 2182 comitantibus
1040 2117 1254 2194 militibus,d
1280 2138 1355 2182 cas·

406 2217 489 2281 tello
504 2224 609 2280 noctu
625 2216 812 2297 egreditur,
829 2236 960 2298 perque
979 2218 1103 2290 nivem,
1124 2224 1159 2280 et
1175 2217 1257 2298 gelu
1275 2217 1356 2302 (nix

405 2316 530 2379 etenim
560 2315 597 2379 in
619 2315 713 2379 omni
742 2313 1036 2379 abundantissime
1057 2313 1150 2378 terra
1171 2316 1356 2379 incandue-

406 2421 471 2489 rat,
493 2421 531 2478 et
555 2414 636 2495 gelu
659 2413 892 2478 horridissime
917 2414 1020 2495 aquis
1046 2411 1266 2498 induruerat)
1292 2433 1355 2492 sex

406 2512 512 2576 ferme
548 2512 716 2590 miliariis,
740 2533 820 2576 cum
851 2532 998 2590 summo,
1024 2513 1091 2589 sui,
1111 2514 1355 2595 comitumque,

406 2610 525 2675 labore
546 2611 716 2694 pedestris
739 2610 892 2687 incessit,
907 2611 1068 2694 quodque
1091 2611 1263 2676 manifesti
1290 2613 1356 2678 fuit

405 2711 563 2774 miraculi
590 2710 765 2788 indicium,
783 2729 846 2792 per
873 2711 980 2791 ipssa,
1013 2729 1091 2791 quae
1120 2730 1225 2792 super
1252 2712 1355 2792 regis,

405 2828 614 2891 suorumque
639 2809 867 2892 capita-dnm
886 2809 931 2872 ad
950 2809 1126 2874 civitatem
1150 2828 1354 2891 expugnan-

405 2907 484 2970 dam
523 2915 783 2983 transmearent,
818 2907 1083 2984 inundaveraut,
1131 2927 1251 2989 aquas,
1282 2909 1354 2984 illa,

404 3006 496 3069 sicca
519 3006 635 3088 pedes,
654 3006 841 3071 immadida
864 3005 1003 3069 omnino
1025 3013 1140 3070 vestes
1153 3007 1354 3084 transmisit,

403 3124 531 3187 perque
560 3106 651 3186 regis
680 3106 857 3181 excubias,
885 3105 946 3186 qui
975 3107 1086 3168 noctis
1112 3105 1250 3169 silentia
1274 3105 1355 3170 hinc

403 3204 612 3268 cornicinum
644 3204 801 3280 stridore,
833 3202 913 3267 inde
944 3200 1150 3266 ululantium
1178 3205 1214 3266 in
1243 3204 1354 3268 altum

404 3303 563 3380 clamore,
587 3303 714 3384 ubique
740 3304 955 3384 rumpebant,
987 3303 1082 3366 nullo
1112 3301 1252 3365 omnino
1280 3305 1354 3366 suis
1426 3372 1429 3377 ,

403 3409 518 3483 capto,
554 3410 589 3466 et
617 3420 687 3465 uno
717 3399 854 3465 tanthm
878 3420 924 3464 ex
951 3399 1048 3482 regib
1079 3408 1178 3482 parte
1204 3401 1352 3478 conscio,

403 3500 677 3580 egressionisque
713 3499 807 3562 illius
840 3499 915 3563 solo
946 3501 1133 3580 proditore,
1165 3500 1283 3575 libere,
1312 3509 1354 3564 ut

403 3598 532 3661 dictum
566 3606 630 3673 est,
661 3596 680 3660 ὸ
706 3596 861 3673 castello,
888 3604 924 3661 et
950 3598 1059 3662 illaese
1092 3599 1246 3674 secessit,
1267 3600 1354 3662 civi-

324 3713 369 3763 ins·
403 3704 579 3778 tatemque
610 3695 927 3778 walengefordiam
953 3717 1032 3760 cum
1063 3697 1210 3780 plurimo
1234 3698 1353 3762 labore

249 3774 261 3802 ⁰
287 3792 293 3803 ’
402 3804 507 3860 noctu
531 3796 682 3861 advenit.
736 3795 864 3860 Nescio
888 3803 1004 3860 autem
1028 3804 1142 3861 utrum
1163 3797 1206 3860 ad
1232 3797 1355 3878 gloriae
1395 3878 1398 3884 ¹

402 3895 510 3977 ipsius
536 3896 712 3960 cumulum
736 3895 773 3958 in
800 3895 955 3958 futurum
978 3895 1201 3971 dilatandum,
1228 3896 1284 3959 vel
1307 3896 1352 3959 ad
1422 3895 1426 3901 “

402 3995 499 4075 regni
527 3994 796 4075 inquietudinem
819 4013 867 4057 ex
889 3995 957 4058 Dei
972 3993 1103 4078 judicio
1131 3993 1268 4057 enixius
1290 4014 1351 4058 ex-

403 4093 645 4175 aggerandam‚
685 4092 746 4156 sed
778 4112 954 4174 nunquam
995 4093 1099 4157 aliam
1134 4093 1177 4155 de
1210 4098 1263 4157 tot
1297 4095 1352 4156 sui

401 4192 523 4272 capitis
548 4191 713 4268 hostibus,
736 4191 779 4254 de
802 4193 908 4255 tantis
928 4193 1153 4258 eminentibus
1175 4192 1241 4255 sibi
1263 4193 1353 4274 peri-
