3167 5000
548 463 654 512 anais
681 465 896 514 ancnouuu.
1148 450 1193 514 39

238 618 472 696 cohortantes,
499 626 534 684 et
562 619 605 682 ad
631 639 709 683 eum
738 619 953 683 liberandum
984 621 1193 686 unanimiter

238 719 488 801 conspirantes,
535 719 677 784 Battum
730 719 917 801 petierunt,
956 721 1192 803 accersitoque

237 819 396 900 praesule,
406 820 470 882 sub
484 817 562 896 lide,
577 825 612 883 et
624 819 864 902 jurejurando,
880 819 1023 884 liberam
1038 821 1071 883 ei
1085 826 1121 884 et
1137 821 1190 883 in-

237 919 394 982 demnem
415 919 658 998 egressionem,
675 919 876 1003 salvamque
892 919 1094 988 reditionem
1109 938 1190 1002 spo-

237 1018 443 1099 ponderunt.
497 1017 689 1100 Episcopus
708 1018 860 1095 tandem,
876 1028 916 1083 ut
933 1020 1109 1096 innocens,
1131 1020 1190 1105 qui
1202 1035 1337 1075 Tremor·

239 1117 347 1182 credit
370 1118 463 1181 omni
480 1119 599 1194 verbo,
617 1124 656 1182 ut
673 1118 762 1182 alter
777 1117 903 1195 Jacob,
913 1119 973 1200 qui
990 1118 1192 1200 simpliciter
1202 1086 1355 1186 {fr-wrm

239 1217 373 1281 habitat
397 1217 433 1281 in
457 1216 572 1294 domo,
589 1216 708 1281 dolose
730 1219 775 1281 ab
800 1217 914 1300 impiis
932 1218 1093 1282 laetanter
1115 1237 1190 1287 sus-
1203 1187 1354 1323 lldssieflid

239 1317 385 1399 cipitur:
419 1317 607 1399 statimque
632 1317 669 1381 in
701 1317 886 1399 Evangelii
919 1337 1126 1399 praeconem,
1154 1285 1312 1382 ingildi?
1328 1295 1355 1334 ⁰⁹

240 1424 472 1480 sacrosanctae
511 1435 640 1480 mensae
668 1416 736 1482 Dei
766 1417 960 1481 ministrum
1003 1418 1193 1498 sacrilegas

218 1510 363 1580 ‘manus
388 1516 593 1600 injecerunt,
621 1517 914 1599 reverendumque
938 1515 1019 1583 fidei
1034 1569 1036 1575 ,
1049 1523 1085 1580 et
1114 1516 1192 1580 reli·

240 1615 353 1697 gionis
378 1616 569 1680 communis
595 1623 758 1692 satorem,
787 1617 847 1697 qui
865 1615 991 1680 ,horrei
1020 1616 1194 1681 Dominici

240 1705 392 1780 triticum
414 1715 622 1798 expendere,
638 1716 699 1796 qui
721 1734 838 1779 arcam
855 1715 923 1780 Dei
940 1715 1093 1797 illudque
1105 1715 1192 1778 divi-

240 1835 323 1878 num
351 1834 479 1878 manna
508 1822 624 1896 gestat
652 1815 688 1877 in
714 1824 865 1896 pectore,
894 1815 1058 1879 conviciis
1082 1805 1356 1904 impu-illidi&

241 1914 325 1978 dicis
340 1914 548 1996 irrogantes,
564 1914 751 1996 suspendio
767 1915 804 1978 ni
821 1913 1016 1978 Gallridum
1035 1914 1194 1984 redderet
1205 1905 1354 2006 {fflffi

241 2015 445 2095 extinguere
472 2011 686 2078 minitarunr.
739 2013 850 2078 Porrd
867 2013 1060 2096 Episcopus
1077 2015 1114 2076 in
1132 2013 1194 2078 tri·

241 2113 428 2178 bulationis
455 2111 618 2193 angustia
645 2113 791 2195 positus,
809 2112 887 2177 cdm
911 2113 1099 2177 adversarii
1129 2133 1194 2180 nec

241 2213 383 2295 pietate,
410 2232 473 2276 nec
496 2212 637 2276 humani
663 2213 769 2276 animi
795 2213 1036 2294 compassione
1052 2219 1195 2295 propter

241 2312 318 2396 ejus
339 2311 552 2376 anxietatem
570 2313 817 2389 emollirentur,
832 2312 910 2398 (sed
935 2332 999 2376 nec
1024 2314 1079 2376 sui
1101 2313 1194 2378 intra

242 2431 359 2474 muros
381 2411 523 2494 recepti,
537 2418 643 2494 capto
668 2411 837 2494 siquidem
855 2411 1030 2494 Episcopo
1049 2409 1194 2475 interids

241 2530 279 2574 se
305 2512 520 2594 recipientes,
538 2512 708 2577 conclusis
725 2513 835 2595 portis
852 2514 896 2577 ad
913 2531 1031 2576 muros
1052 2511 1193 2575 defend-

241 2612 347 2675 endos
375 2618 632 2689 concurrerant,
656 2613 845 2676 remedium
861 2613 912 2675 illi
929 2612 1083 2675 conferre
1104 2631 1194 2694 prae-

242 2706 423 2797 valerent,)
459 2712 650 2775 temerariae
682 2712 820 2776 illorum
854 2711 1072 2775 satisfaciens
1104 2729 1193 2793 prae·
1206 2716 1342 2765 Thenete

165 2841 167 2847 v
242 2810 444 2893 sumptioni,
463 2812 573 2875 virum
606 2811 788 2893 compedes
815 2819 959 2875 exutum
984 2809 1081 2874 reddi
1105 2830 1194 2892 prae·
1207 2767 1344 2877 lddffim

242 2911 346 2992 cepit,
361 2911 397 2974 in
423 2910 489 2973 hoc
517 2910 675 2973 nimirum
703 2910 884 2975 commodo
902 2929 985 2975 usus
1006 2917 1043 2974 et
1064 2910 1196 2973 salubri
1206 2876 1270 2917 ‘mn
1279 2877 1316 2916 n„

243 3010 411 3083 eonsili0;
444 3010 527 3092 quia
549 3010 580 3073 si
604 3010 702 3073 illum
730 3010 766 3073 in
793 3029 916 3074 manus
937 3010 1030 3091 regis
1058 3016 1197 3073 contra-

243 3108 392 3172 dendum
411 3116 451 3172 ut
466 3116 606 3192 ceperat
629 3103 834 3200 reservaret,
852 3110 1023 3192 supplicio
1046 3128 1125 3172 eum
1141 3109 1198 3173 vel

245 3210 326 3272 vitae
356 3208 512 3290 periculo
535 3208 765 3291 exposuisset,
792 3209 942 3290 seipsum
970 3215 1087 3271 autem
1117 3227 1198 3272 con·

241 3307 397 3370 tumeliis
428 3305 656 3385 afficiendum,
690 3307 747 3371 vel
773 3305 847 3371 vita
874 3307 1079 3389 privandum
1111 3326 1200 3388 prae·

245 3407 390 3471 buisset.
442 3405 567 3487 Neque
595 3407 687 3470 enim
711 3425 834 3470 sanum
854 3415 941 3483 erat,
958 3414 1019 3470 aut
1034 3406 1198 3489 Episcopi
1237 3412 1240 3417 '

247 3505 410 3581 officium,
425 3506 555 3569 malum
572 3525 635 3587 pro
657 3506 749 3569 malo
772 3506 927 3582 reddere,
942 3512 1051 3588 utque
1073 3525 1198 3572 nocen-

246 3606 339 3669 tibus
364 3611 505 3670 noceret
531 3606 606 3687 ipse
633 3624 761 3669 nocens
778 3607 941 3669 existere.
993 3605 1061 3669 Sed
1086 3624 1199 3686 neque

246 3707 335 3768 ratio
350 3706 549 3787 expetebat,
568 3711 605 3767 ut
621 3705 726 3769 alium
749 3704 1028 3769 contumeliando
1046 3705 1196 3785 seipsum

245 3805 463 3868 contumeliis
491 3803 668 3887 adjiceret,
693 3802 772 3867 edm
802 3809 936 3867 constet
960 3803 1131 3865 neminem
1160 3821 1199 3866 se

246 3905 322 3985 ipso
349 3904 414 3967 sibi
431 3922 506 3967 esse
530 3903 824 3985 propinquiorem,
841 3921 954 3984 neque
976 3922 1040 3983 pro
1056 3902 1199 3966 alterius

246 4001 361 4067 anima
411 4022 511 4066 suam
553 4002 773 4084 aliquatenus
815 4009 1027 4067 commutare
1065 4002 1199 4067 debere.

249 4102 401 4165 Reddite
428 4102 577 4183 denique
604 4101 691 4177 viro,
715 4100 831 4179 immd,
861 4109 903 4166 ut
930 4100 1048 4165 verids
1075 4101 1200 4177 dicam,

249 4199 387 4266 occulti
404 4202 471 4265 Dei
490 4201 722 4284 dispositione
746 4201 789 4264 ad
817 4202 942 4265 animae
972 4220 1044 4265 suae
1070 4200 1200 4283 suppli·
