3167 5000
387 431 411 495 8
698 445 813 494 casua
836 406 1029 505 saaraim,

390 604 495 672 donia
521 605 685 686 suscepit,
710 611 744 668 et
763 604 856 686 [qui]
880 603 924 666 ad
950 602 1028 677 boc,
1048 601 1147 683 justo
1170 615 1343 691 germanae

391 704 660 786 propinquitatis
672 704 762 787 jure,
775 703 919 766 idoneus
937 701 1095 764 accessit.
1123 699 1192 779 Spe
1207 714 1346 780 quoque

392 800 492 866 firma
524 803 764 877 certificamur,
791 803 822 864 si
851 801 961 864 virum
994 799 1223 879 suscipientes
1252 795 1346 858 omni

392 901 489 964 illum
520 903 646 964 annisu
675 901 882 984 juverimus,
915 918 1023 980 reguo
1051 897 1203 960 maxime
1231 894 1348 977 profu-

355 1021 360 1031 ’
394 1007 531 1063 turum:
569 1002 651 1082 quia
677 998 754 1062 crlm
782 1001 826 1062 ab
852 999 1011 1062 omnibus
1042 995 1144 1060 modo
1175 995 1346 1076 diripitur,

395 1098 610 1187 distrahitur,
628 1105 663 1162 et
680 1098 914 1174 conculcatur,
929 1098 966 1159 in
983 1098 1059 1178 ipso
1080 1093 1239 1177 protinus
1258 1092 1347 1156 tanti

394 1197 573 1261 infortunii
594 1197 738 1261 exordio
756 1203 895 1260 constat
911 1215 973 1278 per
991 1195 1100 1259 virum
1119 1198 1347 1268 constantem,

396 1303 432 1360 et
446 1296 628 1359 militarem
645 1295 735 1358 idem
758 1297 794 1358 in
818 1294 940 1360 melius
964 1311 1066 1375 posse
1084 1290 1274 1368 reformari,
1290 1291 1349 1371 qui
1446 1287 1450 1291 ⁴

396 1403 431 1458 et
448 1414 587 1458 suorum
617 1393 787 1477 potentia,
818 1400 853 1457 et
878 1394 1023 1456 fratrum
1050 1392 1256 1472 sapientium
1278 1389 1351 1470 glo·

397 1492 449 1557 ria
479 1494 697 1569 sublimatus,
721 1492 883 1576 quicquid
915 1491 982 1555 sibi
1011 1490 1130 1554 deesse
1161 1490 1351 1572 putabitur,

398 1611 515 1656 eorum
564 1592 771 1656 adminiculo
816 1591 978 1654 suffultus
1020 1588 1206 1672 perfectius
1245 1587 1351 1652 adim·

398 1691 533 1775 plebia’

235 1804 364 1894 cifgitlffi
448 1790 593 1854 Talibus
625 1792 755 1872 itaque,
784 1791 845 1854 sed
874 1797 910 1854 et
938 1789 1016 1854 aliis
1045 1788 1220 1852 nonnullis
1248 1789 1352 1852 ratio-¹

236 1865 385 1994 {epiphan
399 1889 508 1966 ciniiS,
534 1910 611 1972 quae
639 1890 818 1954 breviandi
844 1887 950 1953 causa
975 1895 1155 1971 praetereo,
1183 1888 1351 1970 impulsus

259 1964 318 2002 ’ψ’
392 1988 703 2071 ¹ArchiepiscopuS,
726 2009 846 2071 regem·
865 2009 944 2052 eum
968 1989 1003 2051 in
1023 1986 1198 2068 Angliam,
1214 1994 1249 2050 et
1262 1986 1352 2050 Nor-

399 2088 586 2164 manniam,
609 2108 686 2151 cum
717 2089 900 2170 episcopis,
933 2087 1185 2170 frequentique,
1212 2087 1271 2167 qui
1298 2085 1353 2148 in·

400 2194 540 2264 tererat,
559 2187 736 2262 clericatu,
762 2187 915 2250 sacravit
944 2193 980 2248 ct
1002 2183 1166 2249 inunxit.1
1218 2183 1353 2261 Quibus

400 2285 539 2349 tandem
556 2287 716 2367 cognitis,
727 2285 921 2367 celebrique
938 2304 1095 2348 sermone
1111 2304 1173 2366 per
1190 2281 1354 2364 Angliam

403 2384 605 2465 divulgatis
639 2404 756 2449 omnes
783 2385 856 2448 fere
881 2384 982 2466 primi
1008 2385 1117 2448 totius
1146 2383 1243 2463 regni
1276 2383 1355 2446 laete

405 2488 496 2561 eum,
522 2492 557 2547 et
582 2492 785 2549 veneranter
810 2503 982 2565 recepere,
998 2483 1222 2565 plurimisque
1245 2483 1288 2545 ab
1314 2502 1357 2545 eo

404 2584 602 2647 muneribus
627 2584 757 2658 donati,
781 2583 841 2647 sed
875 2590 910 2646 et
925 2584 1045 2647 ‘terris
1076 2581 1288 2664 amplificati,
1316 2581 1356 2643 li·

403 2683 512 2746 berall
535 2703 613 2746 curn
634 2683 875 2766 jurejurando,
896 2683 1075 2763 praemisso
1098 2680 1261 2756 hominio,
1281 2680 1358 2763 ejus

404 2800 480 2845 sese
513 2783 654 2846 servitio
687 2801 732 2845 ex
763 2790 838 2846 toto
872 2763 1151 2863 manciparunti
1187 2779 1299 2843 Affuit
1323 2788 1359 2842 et

241 2892 380 2982 RfonptEafl
404 2880 495 2943 inter
532 2880 620 2943 alios
655 2880 843 2955 RobertuS,
886 2900 1001 2943 comes
1035 2879 1225 2955 Glaorniae,
1267 2877 1359 2940 lilius

241 2953 393 3083 ipppffie
406 2979 497 3059 regis
528 2978 683 3055 Henrici,
716 2980 775 3041 sed
808 2978 946 3055 nothus,
977 2979 1030 3042 vir
1058 2978 1195 3059 probati
1218 2976 1362 3057 ingenii,

288 3053 308 3092 ε’
406 3077 658 3160 laudabilisque
696 3078 900 3159 prudentiae.
967 3077 1038 3155 Qui
1072 3076 1151 3140 cirm
1183 3076 1225 3139 de
1262 3076 1361 3157 regni

403 3178 637 3258 susceptione,
665 3185 765 3258 patre
794 3176 969 3253 defuncto,
995 3183 1035 3239 ut
1062 3176 1156 3239 fama
1185 3183 1272 3251 erat,
1303 3174 1360 3237 ad-

407 3284 613 3352 moneretur,
630 3277 759 3339 saniori
783 3282 980 3357 praeventus
1000 3276 1146 3339 consilio
1163 3275 1361 3339 nullatenus

407 3375 605 3457 adquievit3
629 3374 745 3437 diceus
771 3376 905 3457 aequius
928 3395 1004 3438 esse
1026 3374 1097 3438 filio
1125 3374 1252 3438 sororis
1275 3393 1360 3449 suae,

388 3474 463 3555 'cui
495 3471 626 3555 justius
656 3474 885 3555 competebat,
913 3493 1057 3553 regnum
1086 3474 1218 3550 cedere,
1257 3470 1360 3555 quam

444 3654 582 3703 ¹William
598 3656 627 3703 of
642 3655 801 3717 Malmsbury
814 3670 874 3717 says
899 3657 929 3705 of
953 3657 994 3705 his
1024 3658 1108 3707 uncle.
1163 3657 1225 3707 Gul.
1242 3657 1363 3706 Malmsb.

407 3726 439 3774 be
460 3739 516 3774 was
538 3726 657 3774 crovrned
678 3725 741 3786 king
761 3725 790 3773 of
805 3726 875 3787 Eng-
899 3730 957 3775 704.
992 3726 1047 3774 The
1057 3728 1175 3789 majority
1185 3727 1214 3775 of
1222 3732 1364 3787 contempo-

405 3796 475 3857 land,
497 3799 527 3841 11
547 3796 650 3844 kalend.
669 3796 740 3856 Jam,
757 3799 789 3843 22
809 3796 873 3845 Dec.
899 3797 1066 3857 rarywriters
1083 3802 1147 3845 state
1163 3796 1218 3844 that
1231 3796 1364 3857 Stepbeu's

409 3868 482 3925 1135,
493 3879 526 3911 on
544 3878 560 3911 a
579 3864 693 3927 Sunday,
710 3864 780 3915 there
798 3865 874 3927 being
898 3867 1041 3914 coronation
1053 3868 1113 3914 toolr
1125 3866 1198 3927 place
1209 3881 1242 3913 on
1252 3865 1363 3913 thenath

408 3937 509 3993 present
526 3934 585 3992 only
602 3933 671 3981 three
690 3932 804 3995 bishops‚
820 3936 839 3985 i.
851 3950 872 3984 e.
898 3935 927 3982 of
935 3936 1085 3985 December.
1121 3936 1161 3985 Cf.
1174 3936 1240 3985 Wm.
1251 3934 1279 3983 of
1286 3936 1364 3983 Nevv-

408 4002 451 4050 the
467 4000 637 4063 Archbishop,
653 4001 695 4049 the
714 4002 826 4063 Bishops
848 4005 876 4051 of
898 4005 978 4066 brige,
990 4009 1030 4054 15.
1077 4005 1164 4053 Trivet
1176 4006 1201 4053 iu
1214 4004 1254 4053 bis
1265 4004 1364 4052 Anuals

409 4071 568 4119 winchester
592 4071 642 4118 and
673 4071 814 4133 Salisbury,
840 4087 872 4124 no
898 4075 961 4122 lixas
977 4074 1019 4123 the
1035 4088 1098 4135 year
1113 4078 1240 4135 as11363
1269 4074 1364 4124 Trivet.

408 4142 502 4199 Abbot,
523 4141 573 4189 and
589 4154 681 4201 every
699 4140 749 4189 few
766 4141 873 4203 Nobles,
899 4144 991 4193 Annal.
1004 4158 1030 4207 p.
1042 4146 1067 4192 4.

409 4214 566 4269 twenty-two
582 4210 646 4269 days
664 4210 779 4259 atlertbe
795 4211 872 4259 death
