<?xml version="1.0" encoding="UTF-8"?>
<!DOCTYPE html PUBLIC "-//W3C//DTD XHTML 1.0 Transitional//EN"
    "http://www.w3.org/TR/xhtml1/DTD/xhtml1-transitional.dtd">
<html xmlns="http://www.w3.org/1999/xhtml" xml:lang="en" lang="en">
 <head>
  <title>
</title>
<meta http-equiv="Content-Type" content="text/html;charset=utf-8" />
  <meta name='ocr-system' content='tesseract 3.04.00' />
  <meta name='ocr-capabilities' content='ocr_page ocr_carea ocr_par ocr_line ocrx_word'/>
</head>
<body>
  <div class='ocr_page' id='page_1' title='image "./gestastephanire00sewegoog_0076.png"; bbox 0 0 3167 5000; ppageno 0'>
   <div class='ocr_carea' id='block_1_1' title="bbox 521 499 1172 561">
    <p class='ocr_par' dir='ltr' id='par_1_1' title="bbox 521 499 1172 561">
     <span class='ocr_line' id='line_1_1' title="bbox 521 499 1172 561; baseline 0.011 -7"><span class='ocrx_word' id='word_1_1' title='bbox 521 509 628 556; x_wconf 76' lang='lat' dir='ltr'>sums</span> <span class='ocrx_word' id='word_1_2' title='bbox 652 508 866 558; x_wconf 73' lang='lat' dir='ltr'>nuceonuu.</span> <span class='ocrx_word' id='word_1_3' title='bbox 1127 499 1172 561; x_wconf 77' lang='lat'>55</span> 
     </span>
    </p>
   </div>
   <div class='ocr_carea' id='block_1_2' title="bbox 218 664 1171 758">
    <p class='ocr_par' dir='ltr' id='par_1_2' title="bbox 218 664 1171 758">
     <span class='ocr_line' id='line_1_2' title="bbox 218 664 1171 758; baseline 0.008 -32"><span class='ocrx_word' id='word_1_4' title='bbox 218 683 315 727; x_wconf 90' lang='lat' dir='ltr'>orum</span> <span class='ocrx_word' id='word_1_5' title='bbox 340 664 567 746; x_wconf 88' lang='lat' dir='ltr'>flagellantur·</span> <span class='ocrx_word' id='word_1_6' title='bbox 582 674 701 730; x_wconf 82' lang='lat' dir='ltr'><strong>reatu:</strong></span> <span class='ocrx_word' id='word_1_7' title='bbox 726 669 819 758; x_wconf 87' lang='lat' dir='ltr'>quia,</span> <span class='ocrx_word' id='word_1_8' title='bbox 842 676 886 731; x_wconf 88' lang='lat' dir='ltr'>ut·</span> <span class='ocrx_word' id='word_1_9' title='bbox 904 675 1024 732; x_wconf 91' lang='lat' dir='ltr'>notum</span> <span class='ocrx_word' id='word_1_10' title='bbox 1047 676 1109 745; x_wconf 90' lang='lat' dir='ltr'>est,</span> <span class='ocrx_word' id='word_1_11' title='bbox 1136 679 1171 734; x_wconf 89' lang='lat' dir='ltr'>et</span> 
     </span>
    </p>
   </div>
   <div class='ocr_carea' id='block_1_3' title="bbox 188 763 1191 2330">
    <p class='ocr_par' dir='ltr' id='par_1_3' title="bbox 216 763 1191 1323">
     <span class='ocr_line' id='line_1_3' title="bbox 217 763 1169 846; baseline 0.006 -20"><span class='ocrx_word' id='word_1_12' title='bbox 217 764 367 845; x_wconf 90' lang='lat' dir='ltr'>populus</span> <span class='ocrx_word' id='word_1_13' title='bbox 393 763 514 840; x_wconf 89' lang='lat' dir='ltr'>Israel,</span> <span class='ocrx_word' id='word_1_14' title='bbox 539 764 620 846; x_wconf 88' lang='lat' dir='ltr'>quil</span> <span class='ocrx_word' id='word_1_15' title='bbox 636 766 751 829; x_wconf 89' lang='lat' dir='ltr'>Deum</span> <span class='ocrx_word' id='word_1_16' title='bbox 774 768 810 829; x_wconf 94' lang='lat' dir='ltr'>in</span> <span class='ocrx_word' id='word_1_17' title='bbox 833 767 949 830; x_wconf 91' lang='lat' dir='ltr'>multis</span> <span class='ocrx_word' id='word_1_18' title='bbox 971 767 1169 844; x_wconf 86' lang='lat' dir='ltr'>offenderat,</span> 
     </span>
     <span class='ocr_line' id='line_1_4' title="bbox 216 863 1191 948; baseline 0.003 -25"><span class='ocrx_word' id='word_1_19' title='bbox 216 863 333 925; x_wconf 90' lang='lat' dir='ltr'>multis</span> <span class='ocrx_word' id='word_1_20' title='bbox 358 863 439 926; x_wconf 91' lang='lat' dir='ltr'>belli</span> <span class='ocrx_word' id='word_1_21' title='bbox 462 865 750 945; x_wconf 84' lang='lat' dir='ltr'>oppressionibus,</span> <span class='ocrx_word' id='word_1_22' title='bbox 770 867 887 929; x_wconf 89' lang='lat' dir='ltr'>multis</span> <span class='ocrx_word' id='word_1_23' title='bbox 910 875 945 930; x_wconf 88' lang='lat' dir='ltr'>et</span> <span class='ocrx_word' id='word_1_24' title='bbox 967 868 1191 948; x_wconf 63' lang='lat' dir='ltr'>pestilentiae.</span> 
     </span>
     <span class='ocr_line' id='line_1_5' title="bbox 217 962 1169 1048; baseline 0.006 -24"><span class='ocrx_word' id='word_1_25' title='bbox 217 962 448 1025; x_wconf 86' lang='lat' dir='ltr'>attritionibus</span> <span class='ocrx_word' id='word_1_26' title='bbox 472 962 599 1044; x_wconf 87' lang='lat' dir='ltr'>saepibs</span> <span class='ocrx_word' id='word_1_27' title='bbox 615 964 822 1044; x_wconf 86' lang='lat' dir='ltr'>vapulabat3</span> <span class='ocrx_word' id='word_1_28' title='bbox 846 974 881 1029; x_wconf 88' lang='lat' dir='ltr'>et</span> <span class='ocrx_word' id='word_1_29' title='bbox 900 966 990 1029; x_wconf 92' lang='lat' dir='ltr'>idem</span> <span class='ocrx_word' id='word_1_30' title='bbox 1009 966 1169 1048; x_wconf 90' lang='lat' dir='ltr'>populus,</span> 
     </span>
     <span class='ocr_line' id='line_1_6' title="bbox 217 1061 1170 1144; baseline 0.006 -22"><span class='ocrx_word' id='word_1_31' title='bbox 217 1080 279 1141; x_wconf 92' lang='lat' dir='ltr'>pro</span> <span class='ocrx_word' id='word_1_32' title='bbox 305 1061 396 1140; x_wconf 88' lang='lat' dir='ltr'>regis</span> <span class='ocrx_word' id='word_1_33' title='bbox 413 1062 539 1138; x_wconf 91' lang='lat' dir='ltr'>David,</span> <span class='ocrx_word' id='word_1_34' title='bbox 557 1062 618 1125; x_wconf 88' lang='lat' dir='ltr'>sed</span> <span class='ocrx_word' id='word_1_35' title='bbox 648 1070 682 1125; x_wconf 90' lang='lat' dir='ltr'>et</span> <span class='ocrx_word' id='word_1_36' title='bbox 707 1083 769 1144; x_wconf 89' lang='lat' dir='ltr'>pro</span> <span class='ocrx_word' id='word_1_37' title='bbox 794 1064 986 1127; x_wconf 89' lang='lat' dir='ltr'>Salomonis</span> <span class='ocrx_word' id='word_1_38' title='bbox 1010 1065 1170 1128; x_wconf 90' lang='lat' dir='ltr'>adulterii</span> 
     </span>
     <span class='ocr_line' id='line_1_7' title="bbox 217 1159 1169 1243; baseline 0.006 -21"><span class='ocrx_word' id='word_1_39' title='bbox 217 1159 412 1235; x_wconf 88' lang='lat' dir='ltr'>offensione,</span> <span class='ocrx_word' id='word_1_40' title='bbox 428 1160 506 1223; x_wconf 92' lang='lat' dir='ltr'>hinc</span> <span class='ocrx_word' id='word_1_41' title='bbox 528 1161 573 1223; x_wconf 90' lang='lat' dir='ltr'>ab</span> <span class='ocrx_word' id='word_1_42' title='bbox 595 1161 718 1241; x_wconf 87' lang='lat' dir='ltr'>angelo</span> <span class='ocrx_word' id='word_1_43' title='bbox 740 1182 936 1243; x_wconf 78' lang='lat' dir='ltr'>percussuS,</span> <span class='ocrx_word' id='word_1_44' title='bbox 950 1161 1029 1225; x_wconf 92' lang='lat' dir='ltr'>inde</span> <span class='ocrx_word' id='word_1_45' title='bbox 1044 1163 1110 1227; x_wconf 88' lang='lat' dir='ltr'>fuit</span> <span class='ocrx_word' id='word_1_46' title='bbox 1124 1167 1169 1228; x_wconf 91' lang='lat' dir='ltr'>ab</span> 
     </span>
     <span class='ocr_line' id='line_1_8' title="bbox 217 1258 730 1323; baseline 0.006 -3"><span class='ocrx_word' id='word_1_47' title='bbox 217 1258 372 1321; x_wconf 86' lang='lat' dir='ltr'>hostibus</span> <span class='ocrx_word' id='word_1_48' title='bbox 388 1258 555 1322; x_wconf 74' lang='lat' dir='ltr'>dirissime</span> <span class='ocrx_word' id='word_1_49' title='bbox 571 1267 730 1323; x_wconf 87' lang='lat' dir='ltr'>vexatus.</span> 
     </span>
    </p>

    <p class='ocr_par' dir='ltr' id='par_1_4' title="bbox 188 1355 1172 2330">
     <span class='ocr_line' id='line_1_9' title="bbox 269 1355 1170 1439; baseline 0.004 -20"><span class='ocrx_word' id='word_1_50' title='bbox 269 1355 363 1434; x_wconf 85' lang='lat' dir='ltr'>Quia</span> <span class='ocrx_word' id='word_1_51' title='bbox 384 1358 491 1438; x_wconf 90' lang='lat' dir='ltr'>igitur</span> <span class='ocrx_word' id='word_1_52' title='bbox 516 1358 664 1439; x_wconf 89' lang='lat' dir='ltr'>populus</span> <span class='ocrx_word' id='word_1_53' title='bbox 689 1358 884 1439; x_wconf 88' lang='lat' dir='ltr'>Anglorum</span> <span class='ocrx_word' id='word_1_54' title='bbox 911 1358 1010 1435; x_wconf 84' lang='lat' dir='ltr'>luxu,</span> <span class='ocrx_word' id='word_1_55' title='bbox 1033 1365 1068 1423; x_wconf 86' lang='lat' dir='ltr'>et</span> <span class='ocrx_word' id='word_1_56' title='bbox 1097 1361 1170 1423; x_wconf 92' lang='lat' dir='ltr'>otio</span> 
     </span>
     <span class='ocr_line' id='line_1_10' title="bbox 218 1455 1170 1534; baseline 0.006 -18"><span class='ocrx_word' id='word_1_57' title='bbox 218 1455 414 1532; x_wconf 85' lang='lat' dir='ltr'>dissolutus,</span> <span class='ocrx_word' id='word_1_58' title='bbox 438 1455 577 1520; x_wconf 71' lang='lat' dir='ltr'>luxuria</span> <span class='ocrx_word' id='word_1_59' title='bbox 608 1465 643 1520; x_wconf 91' lang='lat' dir='ltr'>et</span> <span class='ocrx_word' id='word_1_60' title='bbox 668 1459 833 1521; x_wconf 86' lang='lat' dir='ltr'>ebrietate</span> <span class='ocrx_word' id='word_1_61' title='bbox 856 1466 1051 1534; x_wconf 90' lang='lat' dir='ltr'>enervatus,</span> <span class='ocrx_word' id='word_1_62' title='bbox 1077 1459 1170 1522; x_wconf 87' lang='lat' dir='ltr'>fastu</span> 
     </span>
     <span class='ocr_line' id='line_1_11' title="bbox 218 1553 1169 1638; baseline 0.005 -22"><span class='ocrx_word' id='word_1_63' title='bbox 218 1561 252 1616; x_wconf 93' lang='lat' dir='ltr'>et</span> <span class='ocrx_word' id='word_1_64' title='bbox 267 1553 465 1635; x_wconf 71' lang='lat' dir='ltr'>arrogantia</span> <span class='ocrx_word' id='word_1_65' title='bbox 486 1557 705 1632; x_wconf 82' lang='lat' dir='ltr'>tumefactus,</span> <span class='ocrx_word' id='word_1_66' title='bbox 721 1556 836 1619; x_wconf 87' lang='lat' dir='ltr'>Deum</span> <span class='ocrx_word' id='word_1_67' title='bbox 851 1555 895 1618; x_wconf 93' lang='lat' dir='ltr'>ad</span> <span class='ocrx_word' id='word_1_68' title='bbox 909 1556 996 1619; x_wconf 89' lang='lat' dir='ltr'>iram</span> <span class='ocrx_word' id='word_1_69' title='bbox 1010 1558 1169 1638; x_wconf 88' lang='lat' dir='ltr'>frequen·</span> 
     </span>
     <span class='ocr_line' id='line_1_12' title="bbox 217 1651 1171 1738; baseline 0.004 -22"><span class='ocrx_word' id='word_1_70' title='bbox 217 1652 286 1716; x_wconf 87' lang='lat' dir='ltr'>tids</span> <span class='ocrx_word' id='word_1_71' title='bbox 315 1651 556 1735; x_wconf 73' lang='lat' dir='ltr'>provocarant,</span> <span class='ocrx_word' id='word_1_72' title='bbox 593 1656 675 1736; x_wconf 90' lang='lat' dir='ltr'>quia</span> <span class='ocrx_word' id='word_1_73' title='bbox 700 1661 735 1718; x_wconf 91' lang='lat' dir='ltr'>et</span> <span class='ocrx_word' id='word_1_74' title='bbox 768 1655 972 1718; x_wconf 46' lang='lat' dir='ltr'>eorumdem&gt;</span> <span class='ocrx_word' id='word_1_75' title='bbox 994 1658 1171 1738; x_wconf 83' lang='lat' dir='ltr'>praepositi</span> 
     </span>
     <span class='ocr_line' id='line_1_13' title="bbox 217 1753 1172 1832; baseline 0.005 -18"><span class='ocrx_word' id='word_1_76' title='bbox 217 1753 309 1832; x_wconf 87' lang='lat' dir='ltr'>turpi</span> <span class='ocrx_word' id='word_1_77' title='bbox 325 1753 401 1828; x_wconf 91' lang='lat' dir='ltr'>hoo,</span> <span class='ocrx_word' id='word_1_78' title='bbox 416 1760 450 1816; x_wconf 90' lang='lat' dir='ltr'>et</span> <span class='ocrx_word' id='word_1_79' title='bbox 460 1754 590 1816; x_wconf 88' lang='lat' dir='ltr'>enormi</span> <span class='ocrx_word' id='word_1_80' title='bbox 604 1754 742 1817; x_wconf 91' lang='lat' dir='ltr'>vivendi</span> <span class='ocrx_word' id='word_1_81' title='bbox 757 1753 870 1830; x_wconf 89' lang='lat' dir='ltr'>modo,</span> <span class='ocrx_word' id='word_1_82' title='bbox 879 1755 984 1817; x_wconf 87' lang='lat' dir='ltr'>sedet</span> <span class='ocrx_word' id='word_1_83' title='bbox 997 1754 1124 1831; x_wconf 78' lang='lat' dir='ltr'>laxidS,</span> <span class='ocrx_word' id='word_1_84' title='bbox 1136 1763 1172 1820; x_wconf 87' lang='lat' dir='ltr'>et</span> 
     </span>
     <span class='ocr_line' id='line_1_14' title="bbox 219 1851 1171 1934; baseline 0.004 -22"><span class='ocrx_word' id='word_1_85' title='bbox 219 1851 393 1915; x_wconf 79' lang='lat' dir='ltr'>remissius</span> <span class='ocrx_word' id='word_1_86' title='bbox 416 1853 452 1914; x_wconf 93' lang='lat' dir='ltr'>in</span> <span class='ocrx_word' id='word_1_87' title='bbox 475 1872 609 1916; x_wconf 92' lang='lat' dir='ltr'>omnem</span> <span class='ocrx_word' id='word_1_88' title='bbox 632 1853 742 1916; x_wconf 84' lang='lat' dir='ltr'>illiciti</span> <span class='ocrx_word' id='word_1_89' title='bbox 765 1851 946 1934; x_wconf 83' lang='lat' dir='ltr'>amplexds</span> <span class='ocrx_word' id='word_1_90' title='bbox 970 1854 1108 1929; x_wconf 89' lang='lat' dir='ltr'>coitum,</span> <span class='ocrx_word' id='word_1_91' title='bbox 1135 1855 1171 1916; x_wconf 94' lang='lat' dir='ltr'>in</span> 
     </span>
     <span class='ocr_line' id='line_1_15' title="bbox 188 1950 1171 2033; baseline 0.004 -21"><span class='ocrx_word' id='word_1_92' title='bbox 188 1983 194 1990; x_wconf 88' lang='lat'><em>·</em></span> <span class='ocrx_word' id='word_1_93' title='bbox 219 1969 353 2012; x_wconf 91' lang='lat' dir='ltr'>omnem</span> <span class='ocrx_word' id='word_1_94' title='bbox 369 1950 501 2027; x_wconf 90' lang='lat' dir='ltr'>edendi,</span> <span class='ocrx_word' id='word_1_95' title='bbox 517 1958 552 2015; x_wconf 91' lang='lat' dir='ltr'>et</span> <span class='ocrx_word' id='word_1_96' title='bbox 565 1951 732 2015; x_wconf 89' lang='lat' dir='ltr'>bibitandi</span> <span class='ocrx_word' id='word_1_97' title='bbox 746 1950 958 2033; x_wconf 88' lang='lat' dir='ltr'>superfluum</span> <span class='ocrx_word' id='word_1_98' title='bbox 971 1959 1119 2028; x_wconf 89' lang='lat' dir='ltr'>ructum,</span> <span class='ocrx_word' id='word_1_99' title='bbox 1135 1955 1171 2016; x_wconf 91' lang='lat' dir='ltr'>in</span> 
     </span>
     <span class='ocr_line' id='line_1_16' title="bbox 218 2049 1172 2132; baseline 0.003 -21"><span class='ocrx_word' id='word_1_100' title='bbox 218 2049 381 2130; x_wconf 92' lang='lat' dir='ltr'>quicquid</span> <span class='ocrx_word' id='word_1_101' title='bbox 419 2051 566 2131; x_wconf 88' lang='lat' dir='ltr'>denique</span> <span class='ocrx_word' id='word_1_102' title='bbox 594 2051 766 2127; x_wconf 89' lang='lat' dir='ltr'>viciosius,</span> <span class='ocrx_word' id='word_1_103' title='bbox 798 2051 990 2132; x_wconf 83' lang='lat' dir='ltr'>animaeque</span> <span class='ocrx_word' id='word_1_104' title='bbox 1026 2051 1172 2115; x_wconf 87' lang='lat' dir='ltr'>habetur</span> 
     </span>
     <span class='ocr_line' id='line_1_17' title="bbox 217 2148 1169 2232; baseline 0.003 -22"><span class='ocrx_word' id='word_1_105' title='bbox 217 2148 451 2229; x_wconf 88' lang='lat' dir='ltr'>perniciosius,</span> <span class='ocrx_word' id='word_1_106' title='bbox 486 2151 559 2212; x_wconf 89' lang='lat' dir='ltr'>sine</span> <span class='ocrx_word' id='word_1_107' title='bbox 595 2149 809 2224; x_wconf 91' lang='lat' dir='ltr'>discretione,</span> <span class='ocrx_word' id='word_1_108' title='bbox 838 2150 911 2212; x_wconf 90' lang='lat' dir='ltr'>sine</span> <span class='ocrx_word' id='word_1_109' title='bbox 947 2150 1169 2232; x_wconf 87' lang='lat' dir='ltr'>poenitudine,</span> 
     </span>
     <span class='ocr_line' id='line_1_18' title="bbox 219 2248 1170 2330; baseline 0.004 -22"><span class='ocrx_word' id='word_1_110' title='bbox 219 2248 438 2328; x_wconf 86' lang='lat' dir='ltr'>proruebant,</span> <span class='ocrx_word' id='word_1_111' title='bbox 454 2249 637 2330; x_wconf 92' lang='lat' dir='ltr'>Deumque</span> <span class='ocrx_word' id='word_1_112' title='bbox 652 2268 714 2329; x_wconf 90' lang='lat' dir='ltr'>per</span> <span class='ocrx_word' id='word_1_113' title='bbox 728 2249 792 2312; x_wconf 93' lang='lat' dir='ltr'>hoc</span> <span class='ocrx_word' id='word_1_114' title='bbox 808 2250 1073 2330; x_wconf 86' lang='lat' dir='ltr'>exasperabant,</span> <span class='ocrx_word' id='word_1_115' title='bbox 1088 2251 1170 2313; x_wconf 91' lang='lat' dir='ltr'>sibi-</span> 
     </span>
    </p>
   </div>
   <div class='ocr_carea' id='block_1_4' title="bbox 125 2345 1170 2428">
    <p class='ocr_par' dir='ltr' id='par_1_5' title="bbox 125 2345 1170 2428">
     <span class='ocr_line' id='line_1_19' title="bbox 125 2345 1170 2428; baseline 0.001 -20"><span class='ocrx_word' id='word_1_116' title='bbox 125 2373 127 2380; x_wconf 59' lang='grc'><em>’</em></span> <span class='ocrx_word' id='word_1_117' title='bbox 220 2365 287 2426; x_wconf 88' lang='lat' dir='ltr'>que</span> <span class='ocrx_word' id='word_1_118' title='bbox 305 2345 455 2409; x_wconf 75' lang='lat' dir='ltr'>maxime</span> <span class='ocrx_word' id='word_1_119' title='bbox 475 2347 646 2428; x_wconf 88' lang='lat' dir='ltr'>indignari</span> <span class='ocrx_word' id='word_1_120' title='bbox 665 2348 845 2427; x_wconf 82' lang='lat' dir='ltr'>cogebant,</span> <span class='ocrx_word' id='word_1_121' title='bbox 868 2366 937 2409; x_wconf 93' lang='lat' dir='ltr'>non</span> <span class='ocrx_word' id='word_1_122' title='bbox 956 2348 1021 2410; x_wconf 87' lang='lat' dir='ltr'>fuit</span> <span class='ocrx_word' id='word_1_123' title='bbox 1035 2350 1170 2424; x_wconf 89' lang='lat' dir='ltr'>mirum,</span> 
     </span>
    </p>
   </div>
   <div class='ocr_carea' id='block_1_5' title="bbox 112 2443 1176 4108">
    <p class='ocr_par' dir='ltr' id='par_1_6' title="bbox 112 2443 1176 4108">
     <span class='ocr_line' id='line_1_20' title="bbox 220 2443 1170 2525; baseline 0.003 -18"><span class='ocrx_word' id='word_1_124' title='bbox 220 2445 250 2508; x_wconf 92' lang='lat' dir='ltr'>si</span> <span class='ocrx_word' id='word_1_125' title='bbox 272 2451 325 2509; x_wconf 89' lang='lat' dir='ltr'>tot</span> <span class='ocrx_word' id='word_1_126' title='bbox 341 2443 469 2525; x_wconf 84' lang='lat' dir='ltr'>Anglia</span> <span class='ocrx_word' id='word_1_127' title='bbox 490 2446 667 2511; x_wconf 86' lang='lat' dir='ltr'>discordiae</span> <span class='ocrx_word' id='word_1_128' title='bbox 687 2444 964 2522; x_wconf 89' lang='lat' dir='ltr'>dissensionibus,</span> <span class='ocrx_word' id='word_1_129' title='bbox 979 2447 1084 2511; x_wconf 86' lang='lat' dir='ltr'>tantis</span> <span class='ocrx_word' id='word_1_130' title='bbox 1098 2447 1170 2510; x_wconf 90' lang='lat' dir='ltr'>bel-</span> 
     </span>
     <span class='ocr_line' id='line_1_21' title="bbox 219 2544 1171 2626; baseline 0.004 -21"><span class='ocrx_word' id='word_1_131' title='bbox 219 2544 330 2607; x_wconf 92' lang='lat' dir='ltr'>lorum</span> <span class='ocrx_word' id='word_1_132' title='bbox 352 2544 566 2623; x_wconf 65' lang='lat' dir='ltr'>tumultibus</span> <span class='ocrx_word' id='word_1_133' title='bbox 586 2552 638 2609; x_wconf 91' lang='lat' dir='ltr'>tot</span> <span class='ocrx_word' id='word_1_134' title='bbox 662 2546 790 2626; x_wconf 91' lang='lat' dir='ltr'>ubique</span> <span class='ocrx_word' id='word_1_135' title='bbox 816 2547 1041 2626; x_wconf 87' lang='lat' dir='ltr'>torquebatur</span> <span class='ocrx_word' id='word_1_136' title='bbox 1065 2546 1171 2610; x_wconf 88' lang='lat' dir='ltr'>scele-</span> 
     </span>
     <span class='ocr_line' id='line_1_22' title="bbox 218 2643 1173 2725; baseline 0.004 -22"><span class='ocrx_word' id='word_1_137' title='bbox 218 2644 333 2707; x_wconf 88' lang='lat' dir='ltr'>ribus:</span> <span class='ocrx_word' id='word_1_138' title='bbox 358 2643 436 2706; x_wconf 87' lang='lat' dir='ltr'>cdm</span> <span class='ocrx_word' id='word_1_139' title='bbox 451 2651 594 2720; x_wconf 89' lang='lat' dir='ltr'>constet,</span> <span class='ocrx_word' id='word_1_140' title='bbox 606 2651 641 2708; x_wconf 87' lang='lat' dir='ltr'>et</span> <span class='ocrx_word' id='word_1_141' title='bbox 651 2664 771 2707; x_wconf 87' lang='lat' dir='ltr'>verum</span> <span class='ocrx_word' id='word_1_142' title='bbox 788 2644 844 2719; x_wconf 89' lang='lat' dir='ltr'>sit,</span> <span class='ocrx_word' id='word_1_143' title='bbox 859 2664 986 2725; x_wconf 89' lang='lat' dir='ltr'>magna</span> <span class='ocrx_word' id='word_1_144' title='bbox 1000 2644 1173 2725; x_wconf 86' lang='lat' dir='ltr'>quaelibet,</span> 
     </span>
     <span class='ocr_line' id='line_1_23' title="bbox 220 2742 1173 2825; baseline 0.001 -21"><span class='ocrx_word' id='word_1_145' title='bbox 220 2750 255 2805; x_wconf 88' lang='lat' dir='ltr'>et</span> <span class='ocrx_word' id='word_1_146' title='bbox 270 2742 439 2805; x_wconf 89' lang='lat' dir='ltr'>horrenda</span> <span class='ocrx_word' id='word_1_147' title='bbox 453 2749 607 2824; x_wconf 90' lang='lat' dir='ltr'>peccata,</span> <span class='ocrx_word' id='word_1_148' title='bbox 622 2762 691 2805; x_wconf 91' lang='lat' dir='ltr'>non</span> <span class='ocrx_word' id='word_1_149' title='bbox 705 2743 778 2806; x_wconf 87' lang='lat' dir='ltr'>sine</span> <span class='ocrx_word' id='word_1_150' title='bbox 794 2743 929 2823; x_wconf 87' lang='lat' dir='ltr'>maguis</span> <span class='ocrx_word' id='word_1_151' title='bbox 944 2743 1078 2824; x_wconf 87' lang='lat' dir='ltr'>expiari</span> <span class='ocrx_word' id='word_1_152' title='bbox 1092 2762 1173 2825; x_wconf 89' lang='lat' dir='ltr'>sup·</span> 
     </span>
     <span class='ocr_line' id='line_1_24' title="bbox 218 2840 1173 2922; baseline 0.001 -20"><span class='ocrx_word' id='word_1_153' title='bbox 218 2840 342 2921; x_wconf 89' lang='lat' dir='ltr'>pliciis,</span> <span class='ocrx_word' id='word_1_154' title='bbox 371 2849 569 2922; x_wconf 90' lang='lat' dir='ltr'>quantoque</span> <span class='ocrx_word' id='word_1_155' title='bbox 595 2841 765 2922; x_wconf 90' lang='lat' dir='ltr'>quispiam</span> <span class='ocrx_word' id='word_1_156' title='bbox 791 2840 976 2922; x_wconf 89' lang='lat' dir='ltr'>proclivior</span> <span class='ocrx_word' id='word_1_157' title='bbox 1000 2842 1104 2905; x_wconf 87' lang='lat' dir='ltr'>fuerit</span> <span class='ocrx_word' id='word_1_158' title='bbox 1128 2842 1173 2905; x_wconf 91' lang='lat' dir='ltr'>ad</span> 
     </span>
     <span class='ocr_line' id='line_1_25' title="bbox 220 2938 1171 3027; baseline 0.004 -27"><span class='ocrx_word' id='word_1_159' title='bbox 220 2938 361 3014; x_wconf 90' lang='lat' dir='ltr'>malum,</span> <span class='ocrx_word' id='word_1_160' title='bbox 376 2946 474 3002; x_wconf 87' lang='lat' dir='ltr'>tanto</span> <span class='ocrx_word' id='word_1_161' title='bbox 494 2940 654 3020; x_wconf 88' lang='lat' dir='ltr'>capacior</span> <span class='ocrx_word' id='word_1_162' title='bbox 669 2940 733 3003; x_wconf 89' lang='lat' dir='ltr'>erit</span> <span class='ocrx_word' id='word_1_163' title='bbox 753 2938 798 3003; x_wconf 89' lang='lat' dir='ltr'>ad</span> <span class='ocrx_word' id='word_1_164' title='bbox 818 2940 1076 3027; x_wconf 81' lang='lat' dir='ltr'>perpetiendum</span> <span class='ocrx_word' id='word_1_165' title='bbox 1097 2961 1171 3004; x_wconf 91' lang='lat' dir='ltr'>ma·</span> 
     </span>
     <span class='ocr_line' id='line_1_26' title="bbox 220 3037 1173 3121; baseline 0.002 -21"><span class='ocrx_word' id='word_1_166' title='bbox 220 3037 331 3100; x_wconf 90' lang='lat' dir='ltr'>lorum</span> <span class='ocrx_word' id='word_1_167' title='bbox 353 3044 571 3101; x_wconf 90' lang='lat' dir='ltr'>tormentum.</span> <span class='ocrx_word' id='word_1_168' title='bbox 624 3038 719 3102; x_wconf 90' lang='lat' dir='ltr'>Hinc</span> <span class='ocrx_word' id='word_1_169' title='bbox 742 3039 867 3102; x_wconf 92' lang='lat' dir='ltr'>etenim</span> <span class='ocrx_word' id='word_1_170' title='bbox 891 3040 934 3102; x_wconf 90' lang='lat' dir='ltr'>ad</span> <span class='ocrx_word' id='word_1_171' title='bbox 958 3039 1173 3121; x_wconf 87' lang='lat' dir='ltr'>Babylonem</span> 
     </span>
     <span class='ocr_line' id='line_1_27' title="bbox 221 3135 1172 3214; baseline 0.001 -15"><span class='ocrx_word' id='word_1_172' title='bbox 221 3136 356 3213; x_wconf 91' lang='lat' dir='ltr'>dicitur,</span> <span class='ocrx_word' id='word_1_173' title='bbox 372 3135 571 3214; x_wconf 84' lang='lat' dir='ltr'>‘Quantum</span> <span class='ocrx_word' id='word_1_174' title='bbox 586 3137 751 3213; x_wconf 87' lang='lat' dir='ltr'>exaltata,</span> <span class='ocrx_word' id='word_1_175' title='bbox 761 3144 796 3200; x_wconf 93' lang='lat' dir='ltr'>et</span> <span class='ocrx_word' id='word_1_176' title='bbox 810 3138 846 3199; x_wconf 90' lang='lat' dir='ltr'>in</span> <span class='ocrx_word' id='word_1_177' title='bbox 860 3137 990 3201; x_wconf 87' lang='lat' dir='ltr'>deliciis</span> <span class='ocrx_word' id='word_1_178' title='bbox 1004 3138 1081 3213; x_wconf 87' lang='lat' dir='ltr'>fuit,</span> <span class='ocrx_word' id='word_1_179' title='bbox 1095 3146 1172 3201; x_wconf 85' lang='lat' dir='ltr'>tan·</span> 
     </span>
     <span class='ocr_line' id='line_1_28' title="bbox 221 3231 1175 3310; baseline 0.002 -13"><span class='ocrx_word' id='word_1_180' title='bbox 221 3242 296 3298; x_wconf 89' lang='lat' dir='ltr'>tum</span> <span class='ocrx_word' id='word_1_181' title='bbox 317 3236 397 3298; x_wconf 88' lang='lat' dir='ltr'>date</span> <span class='ocrx_word' id='word_1_182' title='bbox 418 3235 468 3297; x_wconf 91' lang='lat' dir='ltr'>illi</span> <span class='ocrx_word' id='word_1_183' title='bbox 489 3243 708 3310; x_wconf 90' lang='lat' dir='ltr'>tormentum,</span> <span class='ocrx_word' id='word_1_184' title='bbox 725 3243 759 3298; x_wconf 91' lang='lat' dir='ltr'>et</span> <span class='ocrx_word' id='word_1_185' title='bbox 772 3231 926 3298; x_wconf 66' lang='lat' dir='ltr'>luctum!</span> <span class='ocrx_word' id='word_1_186' title='bbox 979 3236 1081 3298; x_wconf 88' lang='lat' dir='ltr'>Unde</span> <span class='ocrx_word' id='word_1_187' title='bbox 1094 3236 1175 3299; x_wconf 90' lang='lat' dir='ltr'>licet</span> 
     </span>
     <span class='ocr_line' id='line_1_29' title="bbox 222 3332 1173 3415; baseline 0.001 -19"><span class='ocrx_word' id='word_1_188' title='bbox 222 3354 284 3396; x_wconf 87' lang='lat' dir='ltr'>rex</span> <span class='ocrx_word' id='word_1_189' title='bbox 301 3334 495 3414; x_wconf 90' lang='lat' dir='ltr'>Stephanus</span> <span class='ocrx_word' id='word_1_190' title='bbox 517 3334 665 3415; x_wconf 90' lang='lat' dir='ltr'>plurimo</span> <span class='ocrx_word' id='word_1_191' title='bbox 687 3332 856 3396; x_wconf 89' lang='lat' dir='ltr'>militandi</span> <span class='ocrx_word' id='word_1_192' title='bbox 878 3332 1022 3396; x_wconf 90' lang='lat' dir='ltr'>artificio</span> <span class='ocrx_word' id='word_1_193' title='bbox 1037 3334 1082 3397; x_wconf 90' lang='lat' dir='ltr'>ad</span> <span class='ocrx_word' id='word_1_194' title='bbox 1096 3355 1173 3415; x_wconf 91' lang='lat' dir='ltr'>reg-</span> 
     </span>
     <span class='ocr_line' id='line_1_30' title="bbox 222 3416 1174 3517; baseline 0.002 -23"><span class='ocrx_word' id='word_1_195' title='bbox 222 3416 305 3495; x_wconf 77' lang='lat' dir='ltr'>nuni</span> <span class='ocrx_word' id='word_1_196' title='bbox 331 3432 525 3513; x_wconf 87' lang='lat' dir='ltr'>pacandum</span> <span class='ocrx_word' id='word_1_197' title='bbox 546 3431 753 3512; x_wconf 83' lang='lat' dir='ltr'>invigilaret,</span> <span class='ocrx_word' id='word_1_198' title='bbox 771 3431 853 3495; x_wconf 75' lang='lat' dir='ltr'>licet</span> <span class='ocrx_word' id='word_1_199' title='bbox 871 3432 1036 3517; x_wconf 86' lang='lat' dir='ltr'>immenso</span> <span class='ocrx_word' id='word_1_200' title='bbox 1057 3432 1174 3497; x_wconf 89' lang='lat' dir='ltr'>decer-</span> 
     </span>
     <span class='ocr_line' id='line_1_31' title="bbox 222 3522 1174 3608; baseline 0.002 -14"><span class='ocrx_word' id='word_1_201' title='bbox 222 3532 317 3594; x_wconf 91' lang='lat' dir='ltr'>tandi</span> <span class='ocrx_word' id='word_1_202' title='bbox 343 3531 468 3594; x_wconf 88' lang='lat' dir='ltr'>sudore</span> <span class='ocrx_word' id='word_1_203' title='bbox 493 3549 541 3608; x_wconf 86' lang='lat' dir='ltr'>se,</span> <span class='ocrx_word' id='word_1_204' title='bbox 557 3538 591 3594; x_wconf 88' lang='lat' dir='ltr'>et</span> <span class='ocrx_word' id='word_1_205' title='bbox 610 3550 691 3594; x_wconf 89' lang='lat' dir='ltr'>suos</span> <span class='ocrx_word' id='word_1_206' title='bbox 714 3522 834 3594; x_wconf 84' lang='lat' dir='ltr'>contra</span> <span class='ocrx_word' id='word_1_207' title='bbox 855 3531 1071 3595; x_wconf 88' lang='lat' dir='ltr'>adversarios</span> <span class='ocrx_word' id='word_1_208' title='bbox 1093 3553 1174 3596; x_wconf 91' lang='lat' dir='ltr'>con·</span> 
     </span>
     <span class='ocr_line' id='line_1_32' title="bbox 222 3630 1173 3712; baseline 0 -19"><span class='ocrx_word' id='word_1_209' title='bbox 222 3630 319 3693; x_wconf 84' lang='lat' dir='ltr'>tinud</span> <span class='ocrx_word' id='word_1_210' title='bbox 344 3630 517 3711; x_wconf 86' lang='lat' dir='ltr'>fatigaret,</span> <span class='ocrx_word' id='word_1_211' title='bbox 547 3650 617 3693; x_wconf 92' lang='lat' dir='ltr'>non</span> <span class='ocrx_word' id='word_1_212' title='bbox 646 3637 763 3694; x_wconf 88' lang='lat' dir='ltr'>tamen</span> <span class='ocrx_word' id='word_1_213' title='bbox 793 3631 838 3693; x_wconf 92' lang='lat' dir='ltr'>ad</span> <span class='ocrx_word' id='word_1_214' title='bbox 863 3639 983 3694; x_wconf 90' lang='lat' dir='ltr'>votum</span> <span class='ocrx_word' id='word_1_215' title='bbox 1009 3632 1173 3712; x_wconf 88' lang='lat' dir='ltr'>profecit;</span> 
     </span>
     <span class='ocr_line' id='line_1_33' title="bbox 222 3729 1175 3811; baseline 0.001 -20"><span class='ocrx_word' id='word_1_216' title='bbox 222 3730 315 3810; x_wconf 89' lang='lat' dir='ltr'>quia,</span> <span class='ocrx_word' id='word_1_217' title='bbox 325 3736 364 3792; x_wconf 92' lang='lat' dir='ltr'>ut</span> <span class='ocrx_word' id='word_1_218' title='bbox 380 3729 555 3811; x_wconf 85' lang='lat' dir='ltr'>prophetae</span> <span class='ocrx_word' id='word_1_219' title='bbox 570 3736 650 3792; x_wconf 90' lang='lat' dir='ltr'>utar</span> <span class='ocrx_word' id='word_1_220' title='bbox 662 3730 787 3805; x_wconf 90' lang='lat' dir='ltr'>verbis,</span> <span class='ocrx_word' id='word_1_221' title='bbox 802 3730 839 3791; x_wconf 93' lang='lat' dir='ltr'>in</span> <span class='ocrx_word' id='word_1_222' title='bbox 853 3730 1022 3804; x_wconf 91' lang='lat' dir='ltr'>omnibus,</span> <span class='ocrx_word' id='word_1_223' title='bbox 1035 3749 1114 3810; x_wconf 85' lang='lat' dir='ltr'>quae</span> <span class='ocrx_word' id='word_1_224' title='bbox 1126 3732 1175 3792; x_wconf 88' lang='lat' dir='ltr'>eis</span> 
     </span>
     <span class='ocr_line' id='line_1_34' title="bbox 223 3827 1175 3907; baseline -0.002 -16"><span class='ocrx_word' id='word_1_225' title='bbox 223 3828 447 3907; x_wconf 83' lang='lat' dir='ltr'>contigerant,</span> <span class='ocrx_word' id='word_1_226' title='bbox 469 3828 624 3890; x_wconf 86' lang='lat' dir='ltr'>nonfuit</span> <span class='ocrx_word' id='word_1_227' title='bbox 650 3846 792 3890; x_wconf 90' lang='lat' dir='ltr'>aversus</span> <span class='ocrx_word' id='word_1_228' title='bbox 818 3827 914 3889; x_wconf 85' lang='lat' dir='ltr'>furor</span> <span class='ocrx_word' id='word_1_229' title='bbox 941 3827 1092 3903; x_wconf 91' lang='lat' dir='ltr'>Domini,</span> <span class='ocrx_word' id='word_1_230' title='bbox 1115 3828 1175 3889; x_wconf 91' lang='lat' dir='ltr'>sed</span> 
     </span>
     <span class='ocr_line' id='line_1_35' title="bbox 223 3926 1176 4007; baseline 0 -18"><span class='ocrx_word' id='word_1_231' title='bbox 223 3926 336 3990; x_wconf 90' lang='lat' dir='ltr'>adbuc</span> <span class='ocrx_word' id='word_1_232' title='bbox 369 3945 490 3989; x_wconf 90' lang='lat' dir='ltr'>manus</span> <span class='ocrx_word' id='word_1_233' title='bbox 523 3926 625 3989; x_wconf 89' lang='lat' dir='ltr'>Illius</span> <span class='ocrx_word' id='word_1_234' title='bbox 656 3932 808 4000; x_wconf 87' lang='lat' dir='ltr'>extenta,</span> <span class='ocrx_word' id='word_1_235' title='bbox 837 3944 1040 4007; x_wconf 90' lang='lat' dir='ltr'>semperque</span> <span class='ocrx_word' id='word_1_236' title='bbox 1069 3946 1176 4007; x_wconf 90' lang='lat' dir='ltr'>grave</span> 
     </span>
     <span class='ocr_line' id='line_1_36' title="bbox 112 4024 1176 4108; baseline -0.003 -17"><span class='ocrx_word' id='word_1_237' title='bbox 112 4088 113 4091; x_wconf 74' lang='grc'>,</span> <span class='ocrx_word' id='word_1_238' title='bbox 224 4026 363 4089; x_wconf 92' lang='lat' dir='ltr'>Domini</span> <span class='ocrx_word' id='word_1_239' title='bbox 392 4046 478 4089; x_wconf 91' lang='lat' dir='ltr'>onus</span> <span class='ocrx_word' id='word_1_240' title='bbox 510 4026 634 4105; x_wconf 67' lang='lat' dir='ltr'>magis</span> <span class='ocrx_word' id='word_1_241' title='bbox 666 4031 701 4087; x_wconf 87' lang='lat' dir='ltr'>et</span> <span class='ocrx_word' id='word_1_242' title='bbox 724 4024 835 4105; x_wconf 89' lang='lat' dir='ltr'>magis</span> <span class='ocrx_word' id='word_1_243' title='bbox 864 4024 942 4089; x_wconf 92' lang='lat' dir='ltr'>illos</span> <span class='ocrx_word' id='word_1_244' title='bbox 970 4026 1176 4108; x_wconf 89' lang='lat' dir='ltr'>deprimens,</span> 
     </span>
    </p>
   </div>
   <div class='ocr_carea' id='block_1_6' title="bbox 551 4231 935 4297">
    <p class='ocr_par' dir='ltr' id='par_1_7' title="bbox 551 4231 935 4297">
     <span class='ocr_line' id='line_1_37' title="bbox 551 4231 935 4297; baseline -0.005 -14"><span class='ocrx_word' id='word_1_245' title='bbox 551 4233 557 4261; x_wconf 90' lang='lat'><strong>¹</strong></span> <span class='ocrx_word' id='word_1_246' title='bbox 576 4233 723 4297; x_wconf 71' lang='lat' dir='ltr'>Damasus,</span> <span class='ocrx_word' id='word_1_247' title='bbox 735 4236 742 4261; x_wconf 92' lang='lat'>‘</span> <span class='ocrx_word' id='word_1_248' title='bbox 753 4231 832 4295; x_wconf 61' lang='lat' dir='ltr'>qula)</span> <span class='ocrx_word' id='word_1_249' title='bbox 931 4290 935 4296; x_wconf 91' lang='lat'><em>.</em></span> 
     </span>
    </p>
   </div>
   <div class='ocr_carea' id='block_1_7' title="bbox 0 0 1598 5000">
    <p class='ocr_par' dir='ltr' id='par_1_8' title="bbox 0 0 1598 5000">
     <span class='ocr_line' id='line_1_38' title="bbox 0 0 1598 5000; baseline 0 0"><span class='ocrx_word' id='word_1_250' title='bbox 0 0 1598 5000; x_wconf 95' lang='lat' dir='ltr'> </span> 
     </span>
    </p>
   </div>
  </div>
 </body>
</html>
