3167 5000
527 482 633 529 nucis
657 483 874 533 rneuonuu.
1137 471 1182 535 75

226 646 320 703 retur
346 636 533 721 potentior.
586 636 690 715 Quod
708 638 739 701 si
754 658 827 703 suae
847 640 951 704 vellet
973 640 1066 723 parti
1093 641 1180 704 aliu*

226 735 390 815 bescere,¹
415 737 652 802 honorandum
677 757 767 815 eum,
797 745 835 802 et
860 739 1081 804 consiliorum
1111 741 1182 822 pri-

218 856 343 915 „mum3
382 837 413 900 si
438 836 522 899 verd
556 838 761 914 contrarius,
790 847 826 901 et
855 839 992 903 rebellis
1023 858 1180 921 quoquo-

227 936 329 1003 modo
358 937 537 1013 existeret,
561 956 696 999 omnem
721 938 758 999 iu
787 936 885 1001 eum2
907 936 1047 1019 Angliae
1079 958 1180 1001 exer·

228 1036 334 1099 citum
356 1034 523 1099 festinati
539 1035 768 1116 dirigendum.
821 1036 1017 1119 Episcopus
1032 1036 1115 1101 verd
1142 1038 1179 1100 in
1193 1054 1333 1115 usqiman

230 1133 392 1217 angustia
407 1134 554 1216 positus,
571 1134 661 1210 hinc,
677 1135 760 1216 quia
778 1143 896 1217 partes
911 1138 1003 1217 regis
1025 1135 1127 1212 tueri,
1144 1144 1181 1200 et
1191 1109 1291 1154 ”mm

230 1233 275 1297 ad
291 1235 438 1316 priorem
456 1232 640 1315 punctum³
657 1235 822 1298 reducere
838 1233 1077 1298 difficillimum
1091 1242 1180 1311 erat,

230 1332 380 1396 maxime
406 1332 489 1414 quia
509 1332 653 1396 castella
680 1353 745 1397 sua
759 1353 823 1397 uec
839 1335 939 1410 escis,
955 1354 1019 1397 nec
1035 1334 1181 1398 homini-

229 1434 294 1496 bus
309 1431 519 1497 sufficienter
533 1429 701 1507 firmarat,
720 1432 813 1509 inde,
829 1433 912 1514 quia
926 1452 1035 1514 grave
1050 1434 1127 1508 sibi,
1145 1440 1181 1497 et

230 1532 266 1595 in
296 1531 406 1595 oculis
432 1531 608 1594 homiuum
633 1530 794 1595 indecens
812 1531 1005 1610 videbatur,
1027 1532 1181 1614 spirante

232 1631 343 1695 adhuc
361 1630 480 1707 fratre,
498 1629 653 1693 adversis
674 1650 711 1693 se
732 1630 826 1693 illius
848 1638 920 1695 tam
943 1631 1059 1695 subitd
1081 1630 1181 1694 inoli-

231 1750 325 1794 nare.
377 1730 527 1793 Diverso
552 1730 671 1811 itaque
695 1728 799 1793 hamo
829 1729 908 1806 huc,
938 1730 1089 1813 illucque
1111 1730 1180 1793 dis·
1194 1747 1229 1805 119
1237 1746 1305 1784 oeter-

231 1836 364 1894 tractus
387 1847 515 1911 anceps
539 1828 726 1905 ferebatur,
751 1828 861 1893 donec
890 1830 1077 1912 acceptiori
1099 1848 1180 1893 con·
1193 1800 1316 1895 ffiiiffoih.
1391 1872 1393 1874 >

231 1929 388 1991 firmatus
416 1927 573 2004 consilio,
595 1927 765 2010 disposuit
789 1927 834 1990 ad
861 1935 1009 2009 tempus,
1031 1917 1126 2009 pacis
1148 1936 1183 1991 et

232 2028 393 2091 amicitiae
408 2027 521 2091 foedus
536 2046 614 2090 cum
629 2026 776 2089 inimicis
794 2027 934 2107 pacisci,
945 2028 1026 2089 dum
1044 2028 1093 2090 sic
1108 2027 1184 2102 sibi,

233 2136 268 2191 et
282 2128 355 2190 suis
369 2128 465 2209 pacis
481 2126 668 2189 securitate
683 2123 833 2202 indulti,
843 2133 877 2189 et
893 2126 963 2208 qud
975 2146 1013 2189 se
1027 2146 1186 2207 regnum,
1205 2170 1210 2175 -

234 2226 291 2291 vel
312 2226 486 2307 quomodo
503 2232 674 2306 vergeret,
690 2225 819 2288 tacitus
843 2226 1055 2302 observaret,
1078 2233 1114 2288 et
1140 2224 1184 2287 ad

233 2324 502 2389 subveniendum
549 2323 661 2399 fratri,
700 2324 731 2386 si
772 2324 991 2404 oportunitas
1031 2324 1184 2399 daretur,

234 2422 441 2507 promptius,
461 2429 496 2484 et
512 2419 654 2485 liberids
673 2427 882 2502 assurgeret.

286 2523 390 2587 Pacis
407 2522 525 2602 igitur,
542 2526 578 2584 et
592 2520 784 2585 concordiae
807 2520 935 2587 foedere
951 2521 986 2585 in
1002 2540 1182 2586 commune
1195 2535 1351 2574 rhecouutoe·

1195 2587 1214 2624 ls
1223 2584 1350 2634 proclulmed

226 2631 388 2704 peracto,
410 2640 488 2684 cum
515 2617 665 2684 festiva*
682 2619 778 2684 illam
806 2621 1007 2684 occursione
1033 2619 1182 2690 inven-
1196 2637 1330 2724 smper

236 2730 307 2785 tam
349 2721 526 2786 civitatem
562 2717 727 2800 suscepit,
761 2719 922 2799 regisque
962 2719 1132 2796 castello,
1149 2726 1184 2782 et
1329 2709 1337 2722 ’

234 2821 334 2901 regui
364 2817 504 2896 coronat,
529 2838 633 2900 quam
658 2836 793 2899 semper
819 2817 1058 2882 ardentissime
1083 2817 1185 2881 affec·

236 2918 342 2996 taret,
359 2918 609 3000 thesaurisque,
626 2936 713 2998 quos
732 2915 815 2980 licet
837 2936 1029 2999 perpaucos
1051 2937 1114 2979 rex
1138 2917 1186 2980 ibi

235 3019 433 3102 reliquerat,
451 3017 488 3080 in
510 3016 789 3080 deliberationem
806 3034 906 3079 suam
920 3016 1136 3091 contraditis,
1149 3017 1186 3078 in

235 3115 374 3200 publica
396 3135 433 3178 se
460 3115 623 3193 civitatis,
652 3124 687 3178 et
708 3114 773 3179 fori
801 3113 978 3179 audientia
1000 3115 1187 3189 dominam,

236 3224 271 3280 et
293 3217 448 3298 reginam
472 3215 664 3278 acclamare
686 3213 863 3294 praecepit.
916 3212 986 3276 Illa
1001 3214 1129 3295 ¹itaque
1152 3213 1187 3275 in

237 3315 328 3378 hunc
354 3314 507 3396 supremi
535 3312 676 3376 honoris
709 3311 884 3374 cumulum
917 3319 989 3393 tam
1025 3311 1186 3392 gloriose,

237 3423 309 3478 tam
327 3422 362 3477 et
379 3412 588 3476 excellenter
605 3418 737 3494 evecta,
755 3417 883 3474 cuncta
897 3411 1003 3492 coepit
1018 3417 1189 3492 potenter,

237 3515 342 3576 immo
373 3519 409 3576 et
436 3511 694 3593 praecipitanter
720 3529 834 3590 agere,
861 3518 897 3572 et
925 3510 1013 3572 alios
1038 3510 1189 3590 quidem,

238 3614 297 3695 qui
326 3612 399 3692 regi
425 3617 625 3692 paruerant,
655 3607 784 3692 quique
808 3628 845 3672 se
870 3609 934 3684 illi,
961 3615 997 3672 et
1023 3628 1088 3671 sua
1109 3611 1189 3671 sub-

274 3849 283 3881 ¹
300 3850 499 3912 ‘Allubescere‚'
512 3849 585 3910 quasi
602 3848 713 3906 lubere,·
760 3842 935 3904 'Duchesua
946 3839 1013 3892 ‘eo'

237 3921 392 3982 voluptatem
423 3921 563 3979 concipere.
620 3917 702 3974 Thus,
762 3912 1192 3975 ³‘Punctus,'‘frequentiuspuuc-

238 3993 264 4040 lu
276 3991 412 4051 Apuleius,
427 3989 517 4049 ‘aquis
528 3985 702 4046 allubescere‚’
729 3981 801 4045 tum‚'
814 3982 921 4032 Gesner.

238 4061 321 4108 which
339 4061 362 4108 is
382 4057 532 4119 erpounded
556 4057 590 4116 by
603 4055 703 4105 Gesner
762 4050 1077 4114 ⁴Duchesue‚‘festiuh.'
1122 4052 1193 4120 ‘Ho-

236 4128 347 4190 ‘cupide
367 4129 401 4176 ad
416 4125 553 4177 bibendum
563 4123 703 4175 accedere.’
727 4121 829 4171 norifice
841 4119 910 4171 saort
920 4122 1079 4183 processione
1087 4122 1104 4181 ς’
1122 4121 1193 4177 Will.

232 4197 339 4250 'Gesner
349 4199 375 4247 in
387 4214 411 4248 v.
727 4193 757 4242 ol
770 4193 890 4242 Malmsb.
903 4196 960 4243 744.
