3167 5000
232 705 314 754 cepontl
324 704 347 746 ol

233 755 314 796 amer.

393 461 438 526 24
702 475 816 525 crsra
839 475 1032 537 srnrrruru,

232 655 284 693 ιι
293 654 350 694 ιιι
317 663 375 695 ιι
398 643 499 720 cepto
516 635 683 715 Aluredo,
707 636 778 700 filio
795 634 907 700 Joelis
927 633 1108 720 cujusdam
1122 631 1346 700 illustrissimi

396 737 477 816 viri,
503 737 564 820 qui
581 742 674 801 crat
680 755 758 801 oum
785 733 957 801 Baldvino
979 733 1214 800 familiaritate
1237 733 1346 798 notis-

394 837 516 914 simus
534 833 686 901 amicitia
710 853 900 913 connexus,
916 834 982 899 lide
997 835 1101 899 etiam
1117 832 1161 899 ad
1179 834 1349 898 obsisten-

397 936 478 1001 dum
494 937 568 1018 regi
585 935 776 1021 adjuratus.
829 935 898 999 Sed
914 933 993 1000 cum
1008 934 1189 999 castellum
1207 933 1348 998 haberet

398 1044 606 1120 portensum,
618 1042 654 1099 ct
666 1035 867 1113 invalidum,
884 1055 947 1099 nec
963 1033 1007 1098 ad
1021 1053 1103 1098 suos
1118 1032 1349 1098 contutandos

399 1133 581 1200 sufficienti
610 1135 799 1200 munitione
824 1152 996 1212 securum,
1019 1152 1165 1198 vacuum
1191 1132 1277 1196 illud
1312 1139 1348 1198 et

400 1234 576 1299 bominum
611 1253 738 1318 expers
768 1232 906 1298 omninb
937 1233 1087 1317 reliquit,
1116 1233 1348 1316 Esoniamque

400 1353 478 1398 cum
492 1331 681 1399 fortissima
694 1333 842 1398 militum
857 1352 962 1397 manu
979 1331 1085 1406 frater
1098 1331 1192 1396 illius
1202 1332 1350 1398 latenter

399 1432 605 1511 adventans,
613 1433 703 1498 inter
720 1434 833 1514 regios
849 1433 976 1497 milites
989 1432 1071 1519 (nec
1084 1433 1174 1495 enim
1187 1433 1351 1515 possibile

400 1540 476 1596 erat
496 1533 587 1596 inter
614 1539 667 1597 tot
694 1531 870 1610 loricatoS,
888 1533 964 1615 quis
991 1532 1051 1595 ille
1074 1529 1130 1596 vel
1154 1532 1221 1596 iste
1246 1540 1350 1610 esset,

401 1631 502 1697 facile
518 1627 727 1718 discernere)
754 1633 819 1696 sub
835 1633 950 1716 specie
977 1649 1092 1714 regem
1109 1630 1349 1717 adjuvantium

402 1750 439 1796 se
467 1731 693 1796 commiscuit.
754 1731 888 1795 Deinde
911 1730 1027 1814 legato
1052 1730 1145 1795 intra
1170 1732 1351 1796 castellum

403 1831 522 1908 misso,
549 1828 697 1916 (captivi
731 1830 900 1914 siquidem
930 1837 966 1895 et
997 1830 1149 1912 religiosi
1177 1831 1282 1896 certis
1308 1831 1352 1895 de

402 1931 517 1994 causis
548 1930 742 1994 introeundi
771 1930 864 1996 vices
881 1928 1160 2015 frequentabant)
1187 1930 1350 1997 Baldvini

403 2028 530 2093 milites
547 2029 590 2100 de
602 2029 751 2095 adventu
766 2048 831 2093 sno
852 2029 1068 2106 certificavit,
1083 2028 1256 2114 quodque,
1274 2051 1352 2115 pro-

404 2128 488 2210 priis
519 2148 744 2211 quaecumque
769 2129 972 2213 possederat
997 2128 1137 2207 relictis,
1165 2129 1232 2194 lide
1257 2131 1352 2196 illius

404 2235 440 2291 et
456 2246 572 2291 amore
589 2227 746 2306 allectus,
764 2247 991 2312 quoecumque
1018 2247 1094 2292 sors
1122 2229 1154 2292 ei
1176 2231 1352 2315 objiceret,

404 2345 480 2389 cum
499 2327 549 2391 eis
565 2345 728 2410 passurus
746 2327 898 2394 advenit
952 2327 1010 2391 llli
1020 2327 1183 2392 continuo
1197 2350 1260 2413 pro
1273 2351 1354 2396 con·

241 2441 396 2533 umbe-ireres
408 2424 537 2490 sodalis
553 2427 704 2493 adventu
721 2427 847 2492 festivo
863 2424 991 2511 gaudio
1010 2426 1219 2508 exultantes,
1245 2434 1355 2514 portis

242 2544 328 2583 ιιιιιι
336 2542 395 2593 ι.ιιι
409 2528 550 2609 opertis,
567 2528 603 2591 in
619 2528 712 2591 illius
725 2547 905 2592 occursum
917 2547 995 2592 cum
1013 2528 1200 2592 innumeris
1213 2534 1356 2598 armatis

243 2618 300 2657 altre
302 2618 363 2658 deon

241 2667 296 2707 m,
296 2671 337 2707 „,
345 2640 380 2718 μ’,
410 2626 609 2709 prosiluere,
624 2646 771 2710 eumque
795 2647 872 2692 cum
887 2627 960 2691 suis
975 2628 1011 2690 ιιι
1026 2626 1115 2691 facie
1132 2629 1233 2710 regis,
1259 2632 1329 2697 ct
1318 2652 1356 2697 ιιι

241 2716 328 2759 Μ
332 2721 395 2761 tm·
389 2726 559 2791 omnium
600 2734 787 2810 conspectu
826 2726 1019 2810 principum
1057 2726 1141 2790 sone
1177 2728 1355 2795 introdux-

408 2833 517 2890 erunt.
565 2825 738 2891 Confusus
774 2825 868 2890 illico
906 2827 998 2907 regis
1031 2827 1216 2906 exercitus,
1242 2838 1278 2895 et
1304 2832 1357 2896 illi

408 2922 638 3005 potissimum,
653 2925 778 3008 quibus
796 2925 1009 3008 providendi,
1024 2932 1060 2990 et
1076 2927 1328 3008 magistrandi
1317 2952 1354 2998 ιιι

408 3022 495 3086 alios
526 3042 610 3086 cura
641 3024 932 3101 committebatur,
958 3044 1000 3088 co
1028 3022 1120 3106 quod
1149 3026 1212 3104 illi,
1234 3036 1270 3093 et
1297 3031 1353 3096 sui

407 3122 677 3199 communionem
702 3123 943 3205 ignorantibus
971 3124 1129 3188 omnibus
1156 3128 1355 3211 participati

407 3220 566 3299 fuissent,
578 3229 625 3299 et,
638 3220 730 3305 quod
745 3241 805 3287 eos
820 3221 1014 3286 mordacius
1028 3224 1163 3302 urebat,
1178 3225 1311 3291 illibate
1320 3237 1356 3293 et

406 3319 513 3383 libere
547 3321 589 3384 de
622 3320 734 3385 medio
767 3320 905 3385 illorum
934 3322 978 3385 ad
1013 3320 1130 3386 hostes
1168 3343 1205 3388 sc
1242 3334 1355 3393 trans·

407 3418 579 3483 tulissent.
627 3419 707 3484 Rex
724 3427 839 3485 autem
856 3421 928 3484 leni
941 3422 1056 3485 animo
1073 3422 1165 3504 quod
1183 3426 1356 3493 acciderat

407 3517 530 3594 terens,
549 3516 632 3580 nihil
650 3538 754 3601 super
770 3516 836 3583 hoc
851 3519 1115 3601 indignabatur3
1140 3521 1258 3589 verbm
1273 3533 1357 3591 tunc

406 3614 542 3680 demum
559 3616 684 3681 festum
700 3636 738 3681 se
760 3616 851 3686 diem
867 3626 1025 3683 acturum
1039 3619 1168 3699 aiebat,
1184 3622 1216 3686 si
1237 3621 1354 3691 divind

406 3715 440 3779 id
457 3722 572 3781 actum
598 3723 690 3781 esset
707 3712 938 3800 providentib,
963 3725 1003 3783 ιιι
1020 3736 1138 3784 omnes
1168 3721 1263 3805 pacis
1280 3743 1353 3789 suae

406 3815 594 3880 adversarii
609 3816 645 3879 ιιι
660 3834 730 3880 uno
743 3816 867 3881 locello
884 3816 1179 3884 concluderentur.

457 3911 598 3979 Interea
622 3913 702 3979 dum
717 3922 752 3979 et
767 3915 921 3981 exterius
942 3916 1231 4000 impugnantium,
1249 3929 1285 3987 et
1299 3923 1349 3986 in·

406 4011 513 4076 terius
547 4014 787 4093 obnitentium,
813 4033 941 4098 anceps
973 4025 1065 4081 esset
1096 4018 1254 4098 victoria,
1289 4041 1353 4087 rex

404 4112 509 4175 otiam
537 4111 586 4175 ibi
627 4114 737 4178 tribus
774 4113 846 4178 ferd
889 4116 1063 4181 mensibus
1099 4117 1355 4203 perendinatus,

405 4212 582 4295 usquead
611 4230 671 4277 xv,
700 4213 808 4277 millia
842 4233 976 4279 marcas
1003 4216 1039 4280 in
1059 4217 1165 4281 variis
1191 4223 1354 4305 expensis
