<?xml version="1.0" encoding="UTF-8"?>
<!DOCTYPE html PUBLIC "-//W3C//DTD XHTML 1.0 Transitional//EN"
    "http://www.w3.org/TR/xhtml1/DTD/xhtml1-transitional.dtd">
<html xmlns="http://www.w3.org/1999/xhtml" xml:lang="en" lang="en">
 <head>
  <title>
</title>
<meta http-equiv="Content-Type" content="text/html;charset=utf-8" />
  <meta name='ocr-system' content='tesseract 3.04.00' />
  <meta name='ocr-capabilities' content='ocr_page ocr_carea ocr_par ocr_line ocrx_word'/>
</head>
<body>
  <div class='ocr_page' id='page_1' title='image "./gestastephanire00sewegoog_0043.png"; bbox 0 0 3167 5000; ppageno 0'>
   <div class='ocr_carea' id='block_1_1' title="bbox 426 481 1062 557">
    <p class='ocr_par' dir='ltr' id='par_1_1' title="bbox 426 481 1062 557">
     <span class='ocr_line' id='line_1_1' title="bbox 426 481 1062 557; baseline -0.005 -11"><span class='ocrx_word' id='word_1_1' title='bbox 426 481 471 546; x_wconf 74' lang='lat'><strong>22</strong></span> <span class='ocrx_word' id='word_1_2' title='bbox 729 494 845 544; x_wconf 77' lang='lat' dir='ltr'><strong>nnsrs</strong></span> <span class='ocrx_word' id='word_1_3' title='bbox 868 494 1062 557; x_wconf 72' lang='lat' dir='ltr'><strong>scurnum,</strong></span> 
     </span>
    </p>
   </div>
   <div class='ocr_carea' id='block_1_2' title="bbox 344 652 1408 2531">
    <p class='ocr_par' dir='ltr' id='par_1_2' title="bbox 344 652 1408 2531">
     <span class='ocr_line' id='line_1_2' title="bbox 428 652 1378 738; baseline 0 -20"><span class='ocrx_word' id='word_1_4' title='bbox 428 652 628 738; x_wconf 83' lang='lat' dir='ltr'><strong>Aliquandd</strong></span> <span class='ocrx_word' id='word_1_5' title='bbox 649 653 754 718; x_wconf 84' lang='lat' dir='ltr'><strong>etiam</strong></span> <span class='ocrx_word' id='word_1_6' title='bbox 775 673 819 719; x_wconf 86' lang='lat' dir='ltr'><strong>ex</strong></span> <span class='ocrx_word' id='word_1_7' title='bbox 848 653 993 718; x_wconf 91' lang='lat' dir='ltr'><strong>occultis</strong></span> <span class='ocrx_word' id='word_1_8' title='bbox 1010 652 1176 732; x_wconf 81' lang='lat' dir='ltr'><strong>aditibus,</strong></span> <span class='ocrx_word' id='word_1_9' title='bbox 1197 660 1242 718; x_wconf 87' lang='lat' dir='ltr'><strong>ex</strong></span> <span class='ocrx_word' id='word_1_10' title='bbox 1266 655 1378 736; x_wconf 89' lang='lat' dir='ltr'><strong>inspe-</strong></span> 
     </span>
     <span class='ocr_line' id='line_1_3' title="bbox 427 753 1380 836; baseline -0.001 -19"><span class='ocrx_word' id='word_1_11' title='bbox 427 762 517 832; x_wconf 90' lang='lat' dir='ltr'><strong>rato,</strong></span> <span class='ocrx_word' id='word_1_12' title='bbox 544 753 771 836; x_wconf 80' lang='lat' dir='ltr'><strong>prosilientes,</strong></span> <span class='ocrx_word' id='word_1_13' title='bbox 803 754 937 835; x_wconf 87' lang='lat' dir='ltr'><strong>regium</strong></span> <span class='ocrx_word' id='word_1_14' title='bbox 968 754 1165 818; x_wconf 83' lang='lat' dir='ltr'><strong>damnaturi</strong></span> <span class='ocrx_word' id='word_1_15' title='bbox 1190 755 1380 818; x_wconf 80' lang='lat' dir='ltr'><strong>exercitum</strong></span> 
     </span>
     <span class='ocr_line' id='line_1_4' title="bbox 429 853 1381 938; baseline -0.001 -21"><span class='ocrx_word' id='word_1_16' title='bbox 429 874 507 918; x_wconf 90' lang='lat' dir='ltr'><strong>cnm</strong></span> <span class='ocrx_word' id='word_1_17' title='bbox 518 855 649 938; x_wconf 91' lang='lat' dir='ltr'><strong>impetu</strong></span> <span class='ocrx_word' id='word_1_18' title='bbox 661 854 802 932; x_wconf 89' lang='lat' dir='ltr'><strong>irruere,</strong></span> <span class='ocrx_word' id='word_1_19' title='bbox 813 872 1058 936; x_wconf 85' lang='lat' dir='ltr'><strong>nonnunquam</strong></span> <span class='ocrx_word' id='word_1_20' title='bbox 1070 853 1152 918; x_wconf 81' lang='lat' dir='ltr'><strong>vere</strong></span> <span class='ocrx_word' id='word_1_21' title='bbox 1162 855 1381 935; x_wconf 87' lang='lat' dir='ltr'><strong>autsagittas</strong></span> 
     </span>
     <span class='ocr_line' id='line_1_5' title="bbox 430 953 1380 1039; baseline -0.003 -20"><span class='ocrx_word' id='word_1_22' title='bbox 430 954 598 1031; x_wconf 81' lang='lat' dir='ltr'><strong>emittere,</strong></span> <span class='ocrx_word' id='word_1_23' title='bbox 629 961 691 1019; x_wconf 91' lang='lat' dir='ltr'><strong>aut</strong></span> <span class='ocrx_word' id='word_1_24' title='bbox 709 953 831 1039; x_wconf 89' lang='lat' dir='ltr'><strong>jacula</strong></span> <span class='ocrx_word' id='word_1_25' title='bbox 858 973 902 1017; x_wconf 86' lang='lat' dir='ltr'><strong>ex</strong></span> <span class='ocrx_word' id='word_1_26' title='bbox 925 953 998 1019; x_wconf 88' lang='lat' dir='ltr'><strong>alto</strong></span> <span class='ocrx_word' id='word_1_27' title='bbox 1019 953 1168 1032; x_wconf 87' lang='lat' dir='ltr'><strong>vibrare,</strong></span> <span class='ocrx_word' id='word_1_28' title='bbox 1195 953 1380 1036; x_wconf 89' lang='lat' dir='ltr'><strong>multisque</strong></span> 
     </span>
     <span class='ocr_line' id='line_1_6' title="bbox 430 1052 1380 1141; baseline -0.001 -23"><span class='ocrx_word' id='word_1_29' title='bbox 430 1053 507 1118; x_wconf 88' lang='lat' dir='ltr'><strong>aliis</strong></span> <span class='ocrx_word' id='word_1_30' title='bbox 523 1053 646 1131; x_wconf 89' lang='lat' dir='ltr'><strong>modis,</strong></span> <span class='ocrx_word' id='word_1_31' title='bbox 660 1073 738 1117; x_wconf 89' lang='lat' dir='ltr'><strong>cum</strong></span> <span class='ocrx_word' id='word_1_32' title='bbox 752 1061 889 1137; x_wconf 88' lang='lat' dir='ltr'><strong>tempus</strong></span> <span class='ocrx_word' id='word_1_33' title='bbox 906 1053 1081 1135; x_wconf 81' lang='lat' dir='ltr'><strong>exigebat,</strong></span> <span class='ocrx_word' id='word_1_34' title='bbox 1094 1053 1211 1141; x_wconf 87' lang='lat' dir='ltr'><strong>infesti</strong></span> <span class='ocrx_word' id='word_1_35' title='bbox 1220 1052 1380 1118; x_wconf 81' lang='lat' dir='ltr'><strong>existere.</strong></span> 
     </span>
     <span class='ocr_line' id='line_1_7' title="bbox 431 1151 1380 1236; baseline 0 -19"><span class='ocrx_word' id='word_1_36' title='bbox 431 1152 595 1220; x_wconf 80' lang='lat' dir='ltr'><strong>Geterbm</strong></span> <span class='ocrx_word' id='word_1_37' title='bbox 629 1172 693 1216; x_wconf 87' lang='lat' dir='ltr'><strong>rex</strong></span> <span class='ocrx_word' id='word_1_38' title='bbox 724 1173 803 1217; x_wconf 89' lang='lat' dir='ltr'><strong>cum</strong></span> <span class='ocrx_word' id='word_1_39' title='bbox 832 1154 1000 1218; x_wconf 88' lang='lat' dir='ltr'><strong>baronum</strong></span> <span class='ocrx_word' id='word_1_40' title='bbox 1031 1151 1144 1236; x_wconf 76' lang='lat' dir='ltr'><strong>copie,</strong></span> <span class='ocrx_word' id='word_1_41' title='bbox 1175 1154 1234 1236; x_wconf 91' lang='lat' dir='ltr'><strong>qni</strong></span> <span class='ocrx_word' id='word_1_42' title='bbox 1261 1172 1380 1218; x_wconf 91' lang='lat' dir='ltr'><strong>omnes</strong></span> 
     </span>
     <span class='ocr_line' id='line_1_8' title="bbox 431 1252 1391 1336; baseline -0.002 -20"><span class='ocrx_word' id='word_1_43' title='bbox 431 1260 492 1318; x_wconf 90' lang='lat' dir='ltr'><strong>ant</strong></span> <span class='ocrx_word' id='word_1_44' title='bbox 516 1273 595 1318; x_wconf 91' lang='lat' dir='ltr'><strong>cum</strong></span> <span class='ocrx_word' id='word_1_45' title='bbox 618 1252 825 1318; x_wconf 84' lang='lat' dir='ltr'><strong>adveniente</strong></span> <span class='ocrx_word' id='word_1_46' title='bbox 843 1259 1087 1330; x_wconf 87' lang='lat' dir='ltr'><strong>convenerant,</strong></span> <span class='ocrx_word' id='word_1_47' title='bbox 1114 1261 1176 1317; x_wconf 91' lang='lat' dir='ltr'><strong>aut</strong></span> <span class='ocrx_word' id='word_1_48' title='bbox 1200 1253 1391 1336; x_wconf 80' lang='lat' dir='ltr'><strong>perniciter</strong></span> 
     </span>
     <span class='ocr_line' id='line_1_9' title="bbox 431 1352 1382 1434; baseline 0 -18"><span class='ocrx_word' id='word_1_49' title='bbox 431 1373 509 1416; x_wconf 90' lang='lat' dir='ltr'><strong>eum</strong></span> <span class='ocrx_word' id='word_1_50' title='bbox 557 1352 693 1419; x_wconf 87' lang='lat' dir='ltr'><strong>collatis</strong></span> <span class='ocrx_word' id='word_1_51' title='bbox 740 1353 872 1418; x_wconf 80' lang='lat' dir='ltr'><strong>viribus</strong></span> <span class='ocrx_word' id='word_1_52' title='bbox 915 1354 1225 1434; x_wconf 79' lang='lat' dir='ltr'><strong>subsequebantur,</strong></span> <span class='ocrx_word' id='word_1_53' title='bbox 1264 1352 1382 1416; x_wconf 91' lang='lat' dir='ltr'><strong>multis</strong></span> 
     </span>
     <span class='ocr_line' id='line_1_10' title="bbox 432 1450 1382 1535; baseline -0.002 -19"><span class='ocrx_word' id='word_1_54' title='bbox 432 1452 637 1535; x_wconf 87' lang='lat' dir='ltr'><strong>modisque</strong></span> <span class='ocrx_word' id='word_1_55' title='bbox 666 1453 716 1517; x_wconf 87' lang='lat' dir='ltr'><strong>eis</strong></span> <span class='ocrx_word' id='word_1_56' title='bbox 743 1452 920 1516; x_wconf 87' lang='lat' dir='ltr'><strong>molestior</strong></span> <span class='ocrx_word' id='word_1_57' title='bbox 944 1460 1036 1518; x_wconf 89' lang='lat' dir='ltr'><strong>esset</strong></span> <span class='ocrx_word' id='word_1_58' title='bbox 1063 1452 1264 1526; x_wconf 85' lang='lat' dir='ltr'><strong>desudavit;</strong></span> <span class='ocrx_word' id='word_1_59' title='bbox 1296 1450 1382 1534; x_wconf 80' lang='lat' dir='ltr'><strong>¹qud</strong></span> 
     </span>
     <span class='ocr_line' id='line_1_11' title="bbox 432 1549 1383 1634; baseline -0.001 -18"><span class='ocrx_word' id='word_1_60' title='bbox 432 1560 467 1616; x_wconf 89' lang='lat' dir='ltr'><strong>et</strong></span> <span class='ocrx_word' id='word_1_61' title='bbox 483 1552 621 1634; x_wconf 83' lang='lat' dir='ltr'><strong>agmine</strong></span> <span class='ocrx_word' id='word_1_62' title='bbox 636 1551 791 1634; x_wconf 86' lang='lat' dir='ltr'><strong>peditum</strong></span> <span class='ocrx_word' id='word_1_63' title='bbox 804 1549 1069 1616; x_wconf 67' lang='lat' dir='ltr'><strong>instructissime</strong></span> <span class='ocrx_word' id='word_1_64' title='bbox 1083 1559 1216 1617; x_wconf 88' lang='lat' dir='ltr'><strong>armato</strong></span> <span class='ocrx_word' id='word_1_65' title='bbox 1229 1553 1383 1616; x_wconf 84' lang='lat' dir='ltr'><strong>exterius</strong></span> 
     </span>
     <span class='ocr_line' id='line_1_12' title="bbox 433 1651 1385 1734; baseline 0.001 -20"><span class='ocrx_word' id='word_1_66' title='bbox 433 1652 641 1734; x_wconf 83' lang='lat' dir='ltr'><strong>promurale,</strong></span> <span class='ocrx_word' id='word_1_67' title='bbox 652 1653 745 1734; x_wconf 93' lang='lat' dir='ltr'><strong>quod</strong></span> <span class='ocrx_word' id='word_1_68' title='bbox 764 1651 807 1716; x_wconf 91' lang='lat' dir='ltr'><strong>ad</strong></span> <span class='ocrx_word' id='word_1_69' title='bbox 825 1652 1004 1715; x_wconf 89' lang='lat' dir='ltr'><strong>castellum</strong></span> <span class='ocrx_word' id='word_1_70' title='bbox 1021 1651 1241 1717; x_wconf 92' lang='lat' dir='ltr'><strong>muniendum</strong></span> <span class='ocrx_word' id='word_1_71' title='bbox 1257 1671 1385 1733; x_wconf 85' lang='lat' dir='ltr'><strong>aggere</strong></span> 
     </span>
     <span class='ocr_line' id='line_1_13' title="bbox 433 1751 1383 1834; baseline 0.001 -21"><span class='ocrx_word' id='word_1_72' title='bbox 433 1751 706 1815; x_wconf 87' lang='lat' dir='ltr'><strong>cumulatissime</strong></span> <span class='ocrx_word' id='word_1_73' title='bbox 737 1751 773 1814; x_wconf 91' lang='lat' dir='ltr'><strong>in</strong></span> <span class='ocrx_word' id='word_1_74' title='bbox 807 1751 915 1816; x_wconf 90' lang='lat' dir='ltr'><strong>altum</strong></span> <span class='ocrx_word' id='word_1_75' title='bbox 942 1752 1201 1829; x_wconf 86' lang='lat' dir='ltr'><strong>sustollebatur,</strong></span> <span class='ocrx_word' id='word_1_76' title='bbox 1228 1751 1383 1834; x_wconf 87' lang='lat' dir='ltr'><strong>expulsis</strong></span> 
     </span>
     <span class='ocr_line' id='line_1_14' title="bbox 344 1850 1384 1935; baseline -0.001 -21"><span class='ocrx_word' id='word_1_77' title='bbox 344 1898 346 1904; x_wconf 84' lang='lat'>.</span> <span class='ocrx_word' id='word_1_78' title='bbox 368 1911 391 1928; x_wconf 67' lang='lat'><strong><em>„</em></strong></span> <span class='ocrx_word' id='word_1_79' title='bbox 434 1857 634 1914; x_wconf 87' lang='lat' dir='ltr'><strong>constanter</strong></span> <span class='ocrx_word' id='word_1_80' title='bbox 659 1851 829 1927; x_wconf 89' lang='lat' dir='ltr'><strong>hostibus,</strong></span> <span class='ocrx_word' id='word_1_81' title='bbox 854 1851 1019 1934; x_wconf 87' lang='lat' dir='ltr'><strong>suscepit,</strong></span> <span class='ocrx_word' id='word_1_82' title='bbox 1038 1858 1247 1935; x_wconf 89' lang='lat' dir='ltr'><strong>pontemque</strong></span> <span class='ocrx_word' id='word_1_83' title='bbox 1265 1850 1384 1916; x_wconf 88' lang='lat' dir='ltr'><strong>interi·</strong></span> 
     </span>
     <span class='ocr_line' id='line_1_15' title="bbox 433 1944 1408 2033; baseline 0 -19"><span class='ocrx_word' id='word_1_84' title='bbox 433 1969 541 2028; x_wconf 87' lang='lat' dir='ltr'><strong>orem,</strong></span> <span class='ocrx_word' id='word_1_85' title='bbox 564 1969 634 2033; x_wconf 92' lang='lat' dir='ltr'><strong>quo</strong></span> <span class='ocrx_word' id='word_1_86' title='bbox 660 1950 705 2014; x_wconf 89' lang='lat' dir='ltr'><strong>ad</strong></span> <span class='ocrx_word' id='word_1_87' title='bbox 735 1951 854 2014; x_wconf 88' lang='lat' dir='ltr'><strong>urbem</strong></span> <span class='ocrx_word' id='word_1_88' title='bbox 880 1950 923 2014; x_wconf 90' lang='lat' dir='ltr'><strong>de</strong></span> <span class='ocrx_word' id='word_1_89' title='bbox 951 1951 1094 2015; x_wconf 88' lang='lat' dir='ltr'><strong>castello</strong></span> <span class='ocrx_word' id='word_1_90' title='bbox 1120 1951 1275 2015; x_wconf 85' lang='lat' dir='ltr'><strong>incessus</strong></span> <span class='ocrx_word' id='word_1_91' title='bbox 1302 1944 1408 2032; x_wconf 55' lang='lat' dir='ltr'><strong>pro?</strong></span> 
     </span>
     <span class='ocr_line' id='line_1_16' title="bbox 434 2047 1385 2133; baseline 0.001 -20"><span class='ocrx_word' id='word_1_92' title='bbox 434 2049 652 2127; x_wconf 89' lang='lat' dir='ltr'><strong>tendebatur,</strong></span> <span class='ocrx_word' id='word_1_93' title='bbox 661 2050 807 2115; x_wconf 86' lang='lat' dir='ltr'><strong>viriliter</strong></span> <span class='ocrx_word' id='word_1_94' title='bbox 818 2047 970 2131; x_wconf 85' lang='lat' dir='ltr'><strong>infregit,</strong></span> <span class='ocrx_word' id='word_1_95' title='bbox 978 2049 1220 2133; x_wconf 87' lang='lat' dir='ltr'><strong>lignorumque</strong></span> <span class='ocrx_word' id='word_1_96' title='bbox 1230 2049 1385 2131; x_wconf 88' lang='lat' dir='ltr'><strong>ingentia</strong></span> 
     </span>
     <span class='ocr_line' id='line_1_17' title="bbox 433 2148 1384 2232; baseline -0.001 -18"><span class='ocrx_word' id='word_1_97' title='bbox 433 2148 592 2226; x_wconf 85' lang='lat' dir='ltr'><strong>aedificia,</strong></span> <span class='ocrx_word' id='word_1_98' title='bbox 626 2150 753 2232; x_wconf 90' lang='lat' dir='ltr'><strong>quibus</strong></span> <span class='ocrx_word' id='word_1_99' title='bbox 790 2149 834 2212; x_wconf 88' lang='lat' dir='ltr'><strong>de</strong></span> <span class='ocrx_word' id='word_1_100' title='bbox 866 2169 964 2212; x_wconf 87' lang='lat' dir='ltr'><strong>muro</strong></span> <span class='ocrx_word' id='word_1_101' title='bbox 1002 2169 1158 2232; x_wconf 90' lang='lat' dir='ltr'><strong>pugnare</strong></span> <span class='ocrx_word' id='word_1_102' title='bbox 1196 2150 1384 2214; x_wconf 89' lang='lat' dir='ltr'><strong>nitentibus</strong></span> 
     </span>
     <span class='ocr_line' id='line_1_18' title="bbox 432 2248 1386 2326; baseline 0.002 -16"><span class='ocrx_word' id='word_1_103' title='bbox 432 2249 663 2326; x_wconf 86' lang='lat' dir='ltr'><strong>resisteretur,</strong></span> <span class='ocrx_word' id='word_1_104' title='bbox 697 2248 782 2312; x_wconf 89' lang='lat' dir='ltr'><strong>mire</strong></span> <span class='ocrx_word' id='word_1_105' title='bbox 809 2256 845 2312; x_wconf 91' lang='lat' dir='ltr'><strong>et</strong></span> <span class='ocrx_word' id='word_1_106' title='bbox 871 2248 1055 2313; x_wconf 88' lang='lat' dir='ltr'><strong>artificiose</strong></span> <span class='ocrx_word' id='word_1_107' title='bbox 1084 2249 1266 2315; x_wconf 85' lang='lat' dir='ltr'><strong>exaltavit.</strong></span> <span class='ocrx_word' id='word_1_108' title='bbox 1319 2248 1386 2312; x_wconf 93' lang='lat' dir='ltr'><strong>Die</strong></span> 
     </span>
     <span class='ocr_line' id='line_1_19' title="bbox 435 2348 1386 2430; baseline 0 -18"><span class='ocrx_word' id='word_1_109' title='bbox 435 2349 553 2425; x_wconf 89' lang='lat' dir='ltr'><strong>etiam,</strong></span> <span class='ocrx_word' id='word_1_110' title='bbox 582 2353 618 2411; x_wconf 91' lang='lat' dir='ltr'><strong>et</strong></span> <span class='ocrx_word' id='word_1_111' title='bbox 645 2356 745 2414; x_wconf 91' lang='lat' dir='ltr'><strong>nocte</strong></span> <span class='ocrx_word' id='word_1_112' title='bbox 768 2348 934 2430; x_wconf 85' lang='lat' dir='ltr'><strong>graviter,</strong></span> <span class='ocrx_word' id='word_1_113' title='bbox 960 2356 994 2412; x_wconf 91' lang='lat' dir='ltr'><strong>et</strong></span> <span class='ocrx_word' id='word_1_114' title='bbox 1017 2348 1150 2413; x_wconf 86' lang='lat' dir='ltr'><strong>intente</strong></span> <span class='ocrx_word' id='word_1_115' title='bbox 1173 2348 1386 2412; x_wconf 87' lang='lat' dir='ltr'><strong>obsidionem</strong></span> 
     </span>
     <span class='ocr_line' id='line_1_20' title="bbox 435 2447 1387 2531; baseline 0 -20"><span class='ocrx_word' id='word_1_116' title='bbox 435 2447 563 2512; x_wconf 89' lang='lat' dir='ltr'><strong>clausis</strong></span> <span class='ocrx_word' id='word_1_117' title='bbox 588 2447 734 2527; x_wconf 86' lang='lat' dir='ltr'><strong>inferre3</strong></span> <span class='ocrx_word' id='word_1_118' title='bbox 758 2467 850 2513; x_wconf 93' lang='lat' dir='ltr'><strong>nunc</strong></span> <span class='ocrx_word' id='word_1_119' title='bbox 875 2467 954 2512; x_wconf 89' lang='lat' dir='ltr'><strong>cum</strong></span> <span class='ocrx_word' id='word_1_120' title='bbox 980 2449 1123 2513; x_wconf 90' lang='lat' dir='ltr'><strong>armatis</strong></span> <span class='ocrx_word' id='word_1_121' title='bbox 1152 2467 1313 2531; x_wconf 87' lang='lat' dir='ltr'><strong>aggerem</strong></span> <span class='ocrx_word' id='word_1_122' title='bbox 1334 2449 1387 2513; x_wconf 92' lang='lat' dir='ltr'><strong>in-</strong></span> 
     </span>
    </p>
   </div>
   <div class='ocr_carea' id='block_1_3' title="bbox 309 2548 1386 2631">
    <p class='ocr_par' dir='ltr' id='par_1_3' title="bbox 309 2548 1386 2631">
     <span class='ocr_line' id='line_1_21' title="bbox 309 2548 1386 2631; baseline 0 -20"><span class='ocrx_word' id='word_1_123' title='bbox 309 2584 313 2590; x_wconf 92' lang='lat'>·</span> <span class='ocrx_word' id='word_1_124' title='bbox 435 2567 535 2611; x_wconf 90' lang='lat' dir='ltr'><strong>cessn</strong></span> <span class='ocrx_word' id='word_1_125' title='bbox 568 2548 789 2631; x_wconf 89' lang='lat' dir='ltr'><strong>quadrupede</strong></span> <span class='ocrx_word' id='word_1_126' title='bbox 818 2549 1126 2613; x_wconf 90' lang='lat' dir='ltr'><strong>conscendentibus</strong></span> <span class='ocrx_word' id='word_1_127' title='bbox 1152 2550 1265 2613; x_wconf 88' lang='lat' dir='ltr'><strong>rixam</strong></span> <span class='ocrx_word' id='word_1_128' title='bbox 1297 2568 1386 2631; x_wconf 89' lang='lat' dir='ltr'><strong>pug-</strong></span> 
     </span>
    </p>
   </div>
   <div class='ocr_carea' id='block_1_4' title="bbox 434 2648 1393 3925">
    <p class='ocr_par' dir='ltr' id='par_1_4' title="bbox 434 2648 1393 3925">
     <span class='ocr_line' id='line_1_22' title="bbox 437 2648 1387 2740; baseline 0 -29"><span class='ocrx_word' id='word_1_129' title='bbox 437 2666 556 2711; x_wconf 88' lang='lat' dir='ltr'><strong>nacem</strong></span> <span class='ocrx_word' id='word_1_130' title='bbox 580 2666 696 2711; x_wconf 89' lang='lat' dir='ltr'><strong>secum</strong></span> <span class='ocrx_word' id='word_1_131' title='bbox 724 2648 958 2727; x_wconf 84' lang='lat' dir='ltr'><strong>committere3</strong></span> <span class='ocrx_word' id='word_1_132' title='bbox 981 2667 1073 2712; x_wconf 92' lang='lat' dir='ltr'><strong>nunc</strong></span> <span class='ocrx_word' id='word_1_133' title='bbox 1094 2668 1172 2712; x_wconf 91' lang='lat' dir='ltr'><strong>cum</strong></span> <span class='ocrx_word' id='word_1_134' title='bbox 1198 2648 1387 2740; x_wconf 82' lang='lat' dir='ltr'><strong>innumeris</strong></span> 
     </span>
     <span class='ocr_line' id='line_1_23' title="bbox 437 2747 1388 2830; baseline 0 -19"><span class='ocrx_word' id='word_1_135' title='bbox 437 2748 680 2825; x_wconf 83' lang='lat' dir='ltr'><strong>funditoribus,</strong></span> <span class='ocrx_word' id='word_1_136' title='bbox 697 2748 759 2830; x_wconf 90' lang='lat' dir='ltr'><strong>qui</strong></span> <span class='ocrx_word' id='word_1_137' title='bbox 780 2767 800 2811; x_wconf 92' lang='lat' dir='ltr'><strong>e</strong></span> <span class='ocrx_word' id='word_1_138' title='bbox 825 2747 962 2812; x_wconf 87' lang='lat' dir='ltr'><strong>diverso</strong></span> <span class='ocrx_word' id='word_1_139' title='bbox 992 2748 1153 2812; x_wconf 87' lang='lat' dir='ltr'><strong>conducti</strong></span> <span class='ocrx_word' id='word_1_140' title='bbox 1169 2748 1315 2824; x_wconf 83' lang='lat' dir='ltr'><strong>fuerant,</strong></span> <span class='ocrx_word' id='word_1_141' title='bbox 1331 2748 1388 2815; x_wconf 73' lang='lat' dir='ltr'><strong>,in-</strong></span> 
     </span>
     <span class='ocr_line' id='line_1_24' title="bbox 439 2846 1387 2929; baseline 0 -18"><span class='ocrx_word' id='word_1_142' title='bbox 439 2846 610 2911; x_wconf 90' lang='lat' dir='ltr'><strong>tolerabili</strong></span> <span class='ocrx_word' id='word_1_143' title='bbox 638 2866 696 2912; x_wconf 86' lang='lat' dir='ltr'><strong>eos</strong></span> <span class='ocrx_word' id='word_1_144' title='bbox 730 2847 885 2928; x_wconf 86' lang='lat' dir='ltr'><strong>lapidum</strong></span> <span class='ocrx_word' id='word_1_145' title='bbox 911 2847 1079 2929; x_wconf 86' lang='lat' dir='ltr'><strong>grandine</strong></span> <span class='ocrx_word' id='word_1_146' title='bbox 1101 2848 1286 2912; x_wconf 81' lang='lat' dir='ltr'><strong>infestare:</strong></span> <span class='ocrx_word' id='word_1_147' title='bbox 1323 2848 1387 2911; x_wconf 92' lang='lat' dir='ltr'><strong>ali-</strong></span> 
     </span>
     <span class='ocr_line' id='line_1_25' title="bbox 439 2946 1388 3028; baseline 0.003 -20"><span class='ocrx_word' id='word_1_148' title='bbox 439 2946 578 3027; x_wconf 91' lang='lat' dir='ltr'><strong>quando</strong></span> <span class='ocrx_word' id='word_1_149' title='bbox 594 2952 711 3009; x_wconf 89' lang='lat' dir='ltr'><strong>autem</strong></span> <span class='ocrx_word' id='word_1_150' title='bbox 726 2946 845 3009; x_wconf 91' lang='lat' dir='ltr'><strong>ascitis</strong></span> <span class='ocrx_word' id='word_1_151' title='bbox 860 2947 922 3021; x_wconf 90' lang='lat' dir='ltr'><strong>eis,</strong></span> <span class='ocrx_word' id='word_1_152' title='bbox 945 2947 1005 3028; x_wconf 91' lang='lat' dir='ltr'><strong>qui</strong></span> <span class='ocrx_word' id='word_1_153' title='bbox 1015 2965 1140 3011; x_wconf 86' lang='lat' dir='ltr'><strong>massae</strong></span> <span class='ocrx_word' id='word_1_154' title='bbox 1156 2948 1388 3012; x_wconf 86' lang='lat' dir='ltr'><strong>subterraneae</strong></span> 
     </span>
     <span class='ocr_line' id='line_1_26' title="bbox 439 3042 1388 3122; baseline 0.003 -14"><span class='ocrx_word' id='word_1_155' title='bbox 439 3042 576 3109; x_wconf 80' lang='lat' dir='ltr'><strong>cautius</strong></span> <span class='ocrx_word' id='word_1_156' title='bbox 594 3042 720 3108; x_wconf 78' lang='lat' dir='ltr'><strong>nerunt</strong></span> <span class='ocrx_word' id='word_1_157' title='bbox 735 3064 843 3107; x_wconf 89' lang='lat' dir='ltr'><strong>venas</strong></span> <span class='ocrx_word' id='word_1_158' title='bbox 856 3045 1018 3122; x_wconf 90' lang='lat' dir='ltr'><strong>incidere,</strong></span> <span class='ocrx_word' id='word_1_159' title='bbox 1042 3047 1086 3110; x_wconf 91' lang='lat' dir='ltr'><strong>ad</strong></span> <span class='ocrx_word' id='word_1_160' title='bbox 1102 3067 1236 3111; x_wconf 89' lang='lat' dir='ltr'><strong>murum</strong></span> <span class='ocrx_word' id='word_1_161' title='bbox 1252 3047 1388 3111; x_wconf 90' lang='lat' dir='ltr'><strong>diruen-</strong></span> 
     </span>
     <span class='ocr_line' id='line_1_27' title="bbox 441 3144 1389 3229; baseline 0.003 -22"><span class='ocrx_word' id='word_1_162' title='bbox 441 3144 924 3208; x_wconf 83' lang='lat' dir='ltr'><strong>dumvisceraterraescrutari</strong></span> <span class='ocrx_word' id='word_1_163' title='bbox 935 3145 1389 3229; x_wconf 84' lang='lat' dir='ltr'><strong>praecipere3nonnunqnam</strong></span> 
     </span>
     <span class='ocr_line' id='line_1_28' title="bbox 434 3244 1388 3325; baseline 0.002 -16"><span class='ocrx_word' id='word_1_164' title='bbox 434 3244 545 3309; x_wconf 86' lang='lat' dir='ltr'><strong>ctiam</strong></span> <span class='ocrx_word' id='word_1_165' title='bbox 574 3244 750 3308; x_wconf 89' lang='lat' dir='ltr'><strong>machinas</strong></span> <span class='ocrx_word' id='word_1_166' title='bbox 777 3244 905 3308; x_wconf 91' lang='lat' dir='ltr'><strong>diversi</strong></span> <span class='ocrx_word' id='word_1_167' title='bbox 933 3246 1080 3325; x_wconf 85' lang='lat' dir='ltr'><strong>generis,</strong></span> <span class='ocrx_word' id='word_1_168' title='bbox 1097 3246 1184 3309; x_wconf 88' lang='lat' dir='ltr'><strong>alias</strong></span> <span class='ocrx_word' id='word_1_169' title='bbox 1216 3246 1253 3310; x_wconf 92' lang='lat' dir='ltr'><strong>in</strong></span> <span class='ocrx_word' id='word_1_170' title='bbox 1279 3248 1388 3311; x_wconf 90' lang='lat' dir='ltr'><strong>altum</strong></span> 
     </span>
     <span class='ocr_line' id='line_1_29' title="bbox 435 3343 1389 3427; baseline 0.002 -20"><span class='ocrx_word' id='word_1_171' title='bbox 435 3343 609 3419; x_wconf 87' lang='lat' dir='ltr'><strong>sublatas,</strong></span> <span class='ocrx_word' id='word_1_172' title='bbox 638 3344 725 3407; x_wconf 89' lang='lat' dir='ltr'><strong>alias</strong></span> <span class='ocrx_word' id='word_1_173' title='bbox 752 3344 982 3407; x_wconf 88' lang='lat' dir='ltr'><strong>humotenus</strong></span> <span class='ocrx_word' id='word_1_174' title='bbox 1009 3345 1202 3427; x_wconf 86' lang='lat' dir='ltr'><strong>depressas,</strong></span> <span class='ocrx_word' id='word_1_175' title='bbox 1236 3347 1321 3410; x_wconf 88' lang='lat' dir='ltr'><strong>istas</strong></span> <span class='ocrx_word' id='word_1_176' title='bbox 1343 3347 1389 3409; x_wconf 93' lang='lat' dir='ltr'><strong>ad</strong></span> 
     </span>
     <span class='ocr_line' id='line_1_30' title="bbox 437 3441 1391 3527; baseline 0.007 -25"><span class='ocrx_word' id='word_1_177' title='bbox 437 3441 690 3523; x_wconf 90' lang='lat' dir='ltr'><strong>inspiciendum</strong></span> <span class='ocrx_word' id='word_1_178' title='bbox 719 3443 882 3524; x_wconf 89' lang='lat' dir='ltr'><strong>quidnam</strong></span> <span class='ocrx_word' id='word_1_179' title='bbox 915 3462 1029 3506; x_wconf 91' lang='lat' dir='ltr'><strong>rerum</strong></span> <span class='ocrx_word' id='word_1_180' title='bbox 1063 3444 1100 3507; x_wconf 92' lang='lat' dir='ltr'><strong>in</strong></span> <span class='ocrx_word' id='word_1_181' title='bbox 1124 3445 1266 3509; x_wconf 91' lang='lat' dir='ltr'><strong>castello</strong></span> <span class='ocrx_word' id='word_1_182' title='bbox 1293 3466 1391 3527; x_wconf 74' lang='lat' dir='ltr'><strong>gere</strong></span> 
     </span>
     <span class='ocr_line' id='line_1_31' title="bbox 442 3540 1391 3624; baseline 0.004 -21"><span class='ocrx_word' id='word_1_183' title='bbox 442 3548 549 3617; x_wconf 86' lang='lat' dir='ltr'><strong>retur,</strong></span> <span class='ocrx_word' id='word_1_184' title='bbox 563 3540 642 3604; x_wconf 93' lang='lat' dir='ltr'><strong>illas</strong></span> <span class='ocrx_word' id='word_1_185' title='bbox 666 3541 711 3604; x_wconf 91' lang='lat' dir='ltr'><strong>ad</strong></span> <span class='ocrx_word' id='word_1_186' title='bbox 736 3561 870 3604; x_wconf 91' lang='lat' dir='ltr'><strong>murum</strong></span> <span class='ocrx_word' id='word_1_187' title='bbox 894 3543 1128 3624; x_wconf 87' lang='lat' dir='ltr'><strong>quassandum</strong></span> <span class='ocrx_word' id='word_1_188' title='bbox 1143 3544 1199 3607; x_wconf 87' lang='lat' dir='ltr'><strong>vel</strong></span> <span class='ocrx_word' id='word_1_189' title='bbox 1222 3545 1391 3609; x_wconf 88' lang='lat' dir='ltr'><strong>subruen-</strong></span> 
     </span>
     <span class='ocr_line' id='line_1_32' title="bbox 441 3638 1392 3726; baseline 0.006 -24"><span class='ocrx_word' id='word_1_190' title='bbox 441 3640 523 3703; x_wconf 89' lang='lat' dir='ltr'><strong>dum</strong></span> <span class='ocrx_word' id='word_1_191' title='bbox 534 3646 666 3722; x_wconf 89' lang='lat' dir='ltr'><strong>aptare.</strong></span> <span class='ocrx_word' id='word_1_192' title='bbox 694 3639 752 3704; x_wconf 93' lang='lat' dir='ltr'><strong>Illi</strong></span> <span class='ocrx_word' id='word_1_193' title='bbox 768 3660 786 3704; x_wconf 89' lang='lat' dir='ltr'><strong>e</strong></span> <span class='ocrx_word' id='word_1_194' title='bbox 802 3638 924 3704; x_wconf 78' lang='lat' dir='ltr'><strong>contre</strong></span> <span class='ocrx_word' id='word_1_195' title='bbox 938 3640 1074 3707; x_wconf 84' lang='lat' dir='ltr'><strong>fortiter</strong></span> <span class='ocrx_word' id='word_1_196' title='bbox 1087 3651 1123 3707; x_wconf 94' lang='lat' dir='ltr'><strong>et</strong></span> <span class='ocrx_word' id='word_1_197' title='bbox 1137 3644 1392 3726; x_wconf 77' lang='lat' dir='ltr'><strong>promptissime</strong></span> 
     </span>
     <span class='ocr_line' id='line_1_33' title="bbox 443 3739 1392 3827; baseline 0.005 -25"><span class='ocrx_word' id='word_1_198' title='bbox 443 3739 668 3821; x_wconf 68' lang='lat' dir='ltr'><strong>refragantes</strong></span> <span class='ocrx_word' id='word_1_199' title='bbox 686 3739 803 3803; x_wconf 90' lang='lat' dir='ltr'><strong>omnia</strong></span> <span class='ocrx_word' id='word_1_200' title='bbox 817 3739 892 3822; x_wconf 87' lang='lat' dir='ltr'><strong>ejus</strong></span> <span class='ocrx_word' id='word_1_201' title='bbox 910 3742 1196 3820; x_wconf 87' lang='lat' dir='ltr'><strong>machinamenta,</strong></span> <span class='ocrx_word' id='word_1_202' title='bbox 1213 3744 1249 3807; x_wconf 88' lang='lat' dir='ltr'><strong>in</strong></span> <span class='ocrx_word' id='word_1_203' title='bbox 1267 3745 1392 3827; x_wconf 89' lang='lat' dir='ltr'><strong>quibus</strong></span> 
     </span>
     <span class='ocr_line' id='line_1_34' title="bbox 443 3839 1393 3925; baseline 0.004 -22"><span class='ocrx_word' id='word_1_204' title='bbox 443 3840 629 3921; x_wconf 90' lang='lat' dir='ltr'><strong>plurimum</strong></span> <span class='ocrx_word' id='word_1_205' title='bbox 662 3840 833 3904; x_wconf 87' lang='lat' dir='ltr'><strong>artificum</strong></span> <span class='ocrx_word' id='word_1_206' title='bbox 858 3839 1045 3906; x_wconf 70' lang='lat' dir='ltr'><strong>desudarat</strong></span> <span class='ocrx_word' id='word_1_207' title='bbox 1075 3842 1265 3925; x_wconf 86' lang='lat' dir='ltr'><strong>ingenium,</strong></span> <span class='ocrx_word' id='word_1_208' title='bbox 1295 3842 1393 3907; x_wconf 90' lang='lat' dir='ltr'><strong>nihili</strong></span> 
     </span>
    </p>
   </div>
   <div class='ocr_carea' id='block_1_5' title="bbox 323 3938 1393 4025">
    <p class='ocr_par' dir='ltr' id='par_1_5' title="bbox 323 3938 1393 4025">
     <span class='ocr_line' id='line_1_35' title="bbox 323 3938 1393 4025; baseline 0.005 -23"><span class='ocrx_word' id='word_1_209' title='bbox 323 3993 327 4002; x_wconf 84' lang='lat'><em>.</em></span> <span class='ocrx_word' id='word_1_210' title='bbox 444 3938 657 4020; x_wconf 88' lang='lat' dir='ltr'><strong>pendebant:</strong></span> <span class='ocrx_word' id='word_1_211' title='bbox 692 3939 744 4003; x_wconf 90' lang='lat' dir='ltr'><strong>ita</strong></span> <span class='ocrx_word' id='word_1_212' title='bbox 759 3947 800 4003; x_wconf 89' lang='lat' dir='ltr'><strong>ut</strong></span> <span class='ocrx_word' id='word_1_213' title='bbox 816 3940 966 4016; x_wconf 90' lang='lat' dir='ltr'><strong>strenue,</strong></span> <span class='ocrx_word' id='word_1_214' title='bbox 984 3948 1019 4005; x_wconf 89' lang='lat' dir='ltr'><strong>et</strong></span> <span class='ocrx_word' id='word_1_215' title='bbox 1035 3941 1213 4023; x_wconf 79' lang='lat' dir='ltr'><strong>ingeniose</strong></span> <span class='ocrx_word' id='word_1_216' title='bbox 1238 3944 1393 4025; x_wconf 90' lang='lat' dir='ltr'><strong>utrisque</strong></span> 
     </span>
    </p>
   </div>
   <div class='ocr_carea' id='block_1_6' title="bbox 444 4037 1390 4202">
    <p class='ocr_par' dir='ltr' id='par_1_6' title="bbox 444 4037 1390 4202">
     <span class='ocr_line' id='line_1_36' title="bbox 444 4037 1390 4125; baseline 0.007 -25"><span class='ocrx_word' id='word_1_217' title='bbox 444 4037 700 4101; x_wconf 88' lang='lat' dir='ltr'><strong>decertantibus</strong></span> <span class='ocrx_word' id='word_1_218' title='bbox 722 4058 886 4120; x_wconf 89' lang='lat' dir='ltr'><strong>magnum</strong></span> <span class='ocrx_word' id='word_1_219' title='bbox 912 4059 1030 4103; x_wconf 88' lang='lat' dir='ltr'><strong>oerum</strong></span> <span class='ocrx_word' id='word_1_220' title='bbox 1061 4041 1159 4105; x_wconf 89' lang='lat' dir='ltr'><strong>fieret</strong></span> <span class='ocrx_word' id='word_1_221' title='bbox 1185 4042 1390 4125; x_wconf 87' lang='lat' dir='ltr'><strong>prudentiae,</strong></span> 
     </span>
     <span class='ocr_line' id='line_1_37' title="bbox 445 4136 890 4202; baseline 0.007 -3"><span class='ocrx_word' id='word_1_222' title='bbox 445 4143 480 4200; x_wconf 90' lang='lat' dir='ltr'><strong>et</strong></span> <span class='ocrx_word' id='word_1_223' title='bbox 494 4136 689 4201; x_wconf 83' lang='lat' dir='ltr'><strong>velocitatis</strong></span> <span class='ocrx_word' id='word_1_224' title='bbox 703 4144 890 4202; x_wconf 88' lang='lat' dir='ltr'><strong>certamen.</strong></span> 
     </span>
    </p>
   </div>
   <div class='ocr_carea' id='block_1_7' title="bbox 783 4281 1371 4345">
    <p class='ocr_par' dir='ltr' id='par_1_7' title="bbox 783 4281 1371 4345">
     <span class='ocr_line' id='line_1_38' title="bbox 783 4281 1371 4345; baseline 0.002 -11"><span class='ocrx_word' id='word_1_225' title='bbox 783 4281 1055 4345; x_wconf 66' lang='lat' dir='ltr'><strong>“Quia’lruchesne</strong></span> <span class='ocrx_word' id='word_1_226' title='bbox 1169 4298 1172 4301; x_wconf 65' lang='grc'>’</span> <span class='ocrx_word' id='word_1_227' title='bbox 1295 4302 1298 4305; x_wconf 56' lang='grc'>’</span> <span class='ocrx_word' id='word_1_228' title='bbox 1367 4302 1371 4306; x_wconf 95' lang='grc'><em>·</em></span> 
     </span>
    </p>
   </div>
   <div class='ocr_carea' id='block_1_8' title="bbox 0 0 1611 5000">
    <p class='ocr_par' dir='ltr' id='par_1_8' title="bbox 0 0 1611 5000">
     <span class='ocr_line' id='line_1_39' title="bbox 0 0 1611 5000; baseline 0 0"><span class='ocrx_word' id='word_1_229' title='bbox 0 0 1611 5000; x_wconf 95' lang='lat' dir='ltr'><strong> </strong></span> 
     </span>
    </p>
   </div>
  </div>
 </body>
</html>
