3167 5000
401 475 445 536 40
703 489 831 537 caera
858 489 1052 551 aaronem,

401 643 492 711 cium
526 649 562 711 iu
600 648 753 711 futurum
793 655 983 724 reservato,
1019 646 1183 727 quatinus
1223 643 1357 728 quanto

402 746 636 812 abundantibs
660 756 695 812 et
717 746 849 811 diutids
872 746 1065 811 crudeliora
1084 753 1217 828 ageret,
1232 745 1356 814 crude:

401 846 470 911 libs
504 847 724 931 postmodum
758 854 988 929 torqueretur,
1027 846 1136 928 coepit
1161 844 1357 928 Episcopus

402 948 570 1029 pastorali
599 954 683 1012 tunc
711 946 847 1010 demum
878 954 980 1010 utens
1011 945 1222 1009 auctoritate
1253 943 1355 1008 fidem

401 1041 644 1128 repromissam
669 1065 862 1129 reposcere,
885 1045 1075 1130 juramenti
1102 1051 1355 1109 sacramentnm

401 1146 541 1210 ubinam
572 1152 664 1210 esset
701 1146 887 1227 requirere,
917 1147 1142 1226 utrorumque
1169 1144 1356 1208 violatores

403 1264 462 1309 eos
480 1245 668 1322 adstruere,
680 1265 744 1310 neo
759 1244 924 1327 prospere
944 1245 994 1308 eis
1011 1243 1088 1308 aliis
1104 1244 1142 1307 in
1157 1243 1260 1307 sactis
1276 1263 1354 1309 suc·

295 1383 297 1388 -
402 1344 535 1422 cedere,
557 1345 619 1426 qui
640 1343 835 1409 reverentii
860 1350 895 1408 et
921 1343 1053 1426 pudore
1079 1343 1218 1419 amisso,
1239 1343 1356 1407 Deum

240 1514 253 1541 ο
275 1463 375 1542 ‘5⁰¹¹‘
402 1442 608 1507 videbantur
638 1451 780 1527 propter
808 1444 874 1507 hoc
902 1442 1095 1506 offendisse.
1156 1441 1245 1506 Haec
1272 1442 1355 1525 Epi·

240 1563 263 1614 τε
273 1564 311 1591 1¹¹0
334 1564 347 1592 0
402 1561 508 1625 scopo
528 1550 769 1626 prosequente,
785 1544 985 1607 asserebant
999 1556 1063 1606 neo
1073 1542 1309 1626 juramentum
1324 1543 1356 1606 ei

250 1615 255 1641 ¹
282 1614 327 1692 ¹3⁶·
361 1613 373 1642 ⁰
402 1642 536 1720 fecisse,
551 1663 615 1706 nec
630 1641 732 1707 fidem
754 1643 940 1726 pepigisse,
955 1641 1034 1706 edm
1056 1642 1150 1706 omni
1164 1641 1248 1705 sane
1262 1643 1356 1725 sapi-

403 1743 473 1805 enti
500 1749 612 1805 ratum
638 1743 694 1819 sit,
714 1763 777 1806 nec
801 1742 959 1826 perjuros
980 1742 1102 1826 jurare
1128 1741 1266 1819 debere,
1292 1761 1355 1807 nec

350 1831 352 1838 ’
403 1843 462 1923 qui
487 1840 555 1905 fide
578 1850 696 1906 carent
717 1841 821 1905 fidem
840 1841 943 1905 alicui
957 1860 1058 1922 posse
1072 1841 1213 1905 donare.
1266 1841 1354 1920 Quae

402 1939 480 2004 ideo
503 1940 674 2018 dicebant,
689 1948 728 2005 ut
745 1941 954 2025 Episcopum
978 1941 1021 2004 de
1036 1939 1233 2022 ignorantiis
1255 1948 1354 2004 nota·

402 2035 489 2117 rent,
506 2042 565 2122 qui
590 2040 733 2105 nimium
759 2040 970 2123 nimiquue
999 2040 1146 2124 perJuris
1166 2047 1201 2105 et
1215 2039 1355 2123 perfidis

401 2139 481 2220 plus
491 2140 590 2223 justo
606 2140 777 2205 credebat.

239 2262 380 2312 0utrrgesor
448 2238 664 2304 Bristoenses
694 2241 802 2321 igitur
831 2240 876 2303 ad
907 2259 1007 2303 omne
1036 2240 1170 2303 facinus
1199 2239 1355 2318 effrenes,

238 2313 364 2404 {libili
401 2338 609 2421 ubicumque
629 2339 684 2403 vel
710 2341 814 2421 regis,
830 2339 886 2404 vel
914 2359 1045 2417 eorum,
1068 2341 1129 2421 qui
1159 2339 1233 2420 regi
1259 2340 1354 2404 fave·

401 2431 496 2516 bant,
513 2446 623 2503 terras
638 2439 694 2504 vel
720 2439 956 2523 possessiones
976 2439 1168 2516 audierant,
1189 2447 1354 2521 tanquam

400 2537 559 2602 famelica
587 2558 711 2603 canum
745 2540 859 2604 rabies
898 2540 942 2603 ad
972 2540 1169 2622 oppositum
1205 2537 1355 2605 cadaver

400 2636 480 2701 illuc
504 2638 617 2714 avide,
635 2646 670 2703 et
686 2646 899 2703 maturanter
916 2639 1103 2718 cursitare3
1125 2639 1216 2722 juga
1237 2639 1353 2716 boum,

400 2756 525 2819 greges
539 2739 722 2820 pecudum,
738 2737 902 2821 quicquid
923 2739 1185 2820 concupiscibile
1202 2738 1256 2801 vel
1271 2758 1353 2804 ocu·

400 2835 453 2899 lus
479 2831 651 2914 cernebat,
667 2838 722 2903 vel
749 2858 809 2902 cor
834 2839 1052 2902 ambitiosum
1078 2837 1274 2913 affectabat,
1296 2858 1352 2902 ra-
1407 2873 1412 2883 ·

399 2954 494 3015 pere,
513 2943 547 2999 et
571 2936 753 3014 abducere,
770 2937 929 3013 vendere,
957 2944 993 3001 et
1017 2956 1230 3003 consumere.
1283 2937 1352 3002 Ubi

401 3034 483 3098 verb
502 3054 581 3116 quae
606 3036 642 3098 in
666 3036 822 3112 circuitu,
836 3044 872 3100 et
895 3037 995 3117 quasi
1017 3039 1082 3101 sub
1105 3056 1210 3101 manu
1232 3055 1351 3101 eorum

400 3142 510 3210 erant,
540 3136 576 3197 in
612 3136 833 3222 perditionis
853 3136 1054 3199 barathrum
1087 3137 1228 3201 redacta
1258 3136 1351 3200 vide·

400 3228 525 3297 bantur
548 3242 583 3299 et
605 3234 794 3313 adnullata,
809 3236 845 3300 in
869 3236 1027 3313 omnibus
1042 3235 1182 3317 Angliae
1196 3236 1351 3319 partibus

398 3333 508 3397 sicubi
531 3337 733 3416 pecuniosos
750 3336 805 3399 vel
828 3335 1010 3417 opulentos
1036 3335 1227 3412 audierant,
1244 3335 1351 3399 celer-

399 3431 483 3494 rime
507 3432 640 3509 adesse,
656 3455 746 3498 nunc
763 3437 892 3498 viribus
916 3436 1090 3517 abreptos,
1105 3455 1208 3498 nunc.
1220 3434 1350 3498 fraudi-

398 3531 463 3593 bus
484 3532 656 3608 seductos,
673 3533 780 3596 oculis
795 3533 959 3610 fasciatis,
974 3554 1034 3597 ore
1049 3535 1153 3598 etiam
1167 3534 1350 3611 obdurato,

398 3630 453 3693 vel
470 3650 548 3693 cum
565 3629 678 3695 massi
702 3631 820 3715 aliqua
836 3632 906 3696 illic
921 3640 1085 3715 urgenter
1098 3632 1276 3717 impressi,
1294 3634 1350 3697 vel

396 3748 475 3793 cum
512 3728 708 3795 machinula
737 3732 780 3795 ad
814 3732 960 3796 formam
996 3734 1109 3815 asperi
1138 3733 1226 3796 freni
1254 3734 1349 3815 oapi·

395 3827 517 3907 stratb,
547 3838 583 3894 et
610 3830 765 3909 demetit,
787 3851 899 3896 caecos
923 3851 1040 3896 seeum
1066 3832 1247 3909 deducere,
1272 3840 1349 3896 tan·

396 3927 542 4011 demque
578 3932 615 3993 in
652 3931 765 3995 medio
797 3932 954 4007 Bristoae,
983 3931 1274 4013 quemadmodum
1306 3931 1350 3995 de

395 4027 598 4092 latrunculis
629 4029 777 4094 Hilisei¹
808 4030 966 4111 legimus,
1006 4032 1177 4108 inductos,
1207 4038 1269 4095 aut
1293 4031 1348 4114 je·

679 4244 686 4273 ¹
706 4246 746 4297 ct.
762 4248 883 4310 autogr,
894 4248 932 4297 m.
946 4251 986 4309 1³,
997 4252 1022 4296 et
1033 4262 1087 4309 seq.
