3167 5000
529 488 633 536 aneis
657 490 873 539 suanorum
1139 479 1181 542 15
1252 515 1256 522 -

225 641 433 724 praediisque
469 643 657 710 honoratos
692 645 927 728 amplissimis,
958 653 994 710 et
1026 649 1179 712 omnium

224 741 458 823 palatinorum
480 743 755 831 archiministros
781 745 943 822 efficeret,
965 753 1001 810 et
1026 747 1178 810 omnium

224 841 406 905 curialium
445 859 629 907 causarum
666 851 887 926 susceptores
926 847 1176 927 praescriberet.

226 939 292 1002 Isti
302 941 421 1023 itaque
431 961 508 1006 cum
520 941 617 1024 regia
630 942 858 1024 delegatioue¹
876 945 1006 1008 curiam
1018 945 1178 1026 frequen-

224 1045 299 1102 tare
315 1042 442 1122 saepius
468 1050 701 1120 monerentur,
726 1043 937 1124 eandemque
958 1044 989 1106 is
1015 1044 1177 1107 amicitiae

223 1139 384 1218 gratiam,
394 1141 539 1205 eundem
556 1141 795 1205 honorationis
810 1143 997 1218 cumulum,
1011 1161 1113 1224 quem
1127 1144 1177 1206 eis

222 1257 285 1300 rex
317 1237 493 1303 Henricus
519 1241 689 1318 exhibuit,
721 1258 759 1304 se
781 1241 886 1304 etiam
909 1242 959 1304 eis
986 1242 1176 1305 relaturum

223 1337 421 1417 sponderet,
444 1339 503 1403 diu
521 1359 559 1414 se
578 1341 669 1404 circa
690 1340 836 1404 castella
853 1359 917 1402 sua
939 1341 1175 1422 reprimentes,
1188 1364 1247 1413 may
1259 1365 1331 1405 rema

221 1436 359 1518 scriptis
376 1438 467 1519 regis
485 1439 705 1521 adquiescere
723 1437 861 1519 penitus
879 1440 1084 1516 abnuerunt,
1101 1447 1174 1503 tum
1187 1418 1312 1514 iiffiiffi

222 1543 365 1617 propter
383 1537 497 1614 fidem,
517 1545 553 1602 et
565 1537 826 1622 jusjurandum,
844 1539 938 1619 quod
955 1539 1175 1603 connutritiae
1187 1518 1254 1555 ⁰⁰⁰¹*

222 1653 295 1698 suae
310 1637 402 1717 regis
424 1635 570 1700 Henrici
588 1636 669 1700 filiae
689 1638 891 1712 debuerant,
908 1645 981 1700 tum
997 1639 1081 1718 quia
1097 1638 1174 1720 qui-

223 1752 290 1814 que
306 1737 404 1816 regni
429 1736 611 1800 nobiliores
633 1736 778 1817 gloriam
807 1754 937 1812 eorum,
954 1744 990 1800 et
1012 1755 1174 1820 pompam

221 1831 314 1914 aegrb
339 1833 505 1912 serebant,
520 1842 642 1918 utpote
666 1836 726 1918 qui
750 1855 796 1899 ex
823 1835 893 1898 imo
915 1837 1022 1899 creati
1049 1856 1175 1916 genere

221 1949 259 1994 se
275 1933 384 1997 multo
396 1935 580 1998 nobiliores
595 1942 630 1998 et
648 1935 777 1999 divitiis
793 1933 1011 2011 excederent,
1022 1941 1057 1998 et
1066 1934 1173 1999 domi-

221 2031 279 2094 nio
296 2040 510 2113 superarent.
556 2033 776 2098 Verebantur
794 2034 899 2097 etiam
915 2033 985 2098 alia
1007 2035 1050 2097 de
1066 2033 1173 2099 causa

221 2130 257 2193 in
269 2131 503 2212 praesentiam⁹
521 2133 613 2214 regis
628 2133 804 2210 accedere,
814 2153 857 2196 ne
874 2132 1172 2198 scilicetclamori-

220 2230 284 2292 bus
299 2249 503 2313 pauperum,
517 2233 741 2313 querimoniis
756 2233 953 2309 viduarum,
964 2251 1111 2316 quorum
1128 2234 1170 2297 ad
1245 2274 1249 2284 ·

219 2347 320 2392 suum
346 2348 448 2393 usum
473 2338 584 2395 terras
609 2333 826 2413 redegerant,
854 2350 971 2395 coram
1001 2352 1082 2414 rege
1104 2334 1172 2396 cir·

219 2429 406 2507 cumventi,
422 2431 515 2513 quod
530 2430 659 2515 injuste
675 2430 913 2513 possederant,
931 2437 1075 2512 urgente
1093 2431 1171 2516 jus-

220 2526 299 2592 titia
320 2548 460 2609 prorsus
484 2532 691 2595 amitterent.
744 2531 813 2594 Sed
835 2551 896 2594 rex
924 2532 1056 2594 malens
1078 2532 1171 2595 circa
1185 2556 1315 2596 rutenae·-

1184 2618 1248 2645 vours
1256 2607 1280 2645 oi

218 2646 278 2691 eos
293 2628 442 2709 benigni
463 2631 515 2694 uti
538 2628 720 2711 patientia,
740 2637 776 2694 et
793 2631 908 2694 omnia
935 2629 1031 2711 prius
1054 2649 1171 2694 amore
1184 2657 1310 2717 stephania

218 2728 381 2808 experiri,
404 2725 510 2809 quam
536 2730 654 2807 armis,
672 2729 838 2811 quosdam
860 2728 903 2791 de
927 2730 1171 2793 assistentibus
1183 2707 1295 2797 ffl‘t'

216 2825 293 2903 sibi,
322 2846 426 2909 super
460 2822 547 2910 quos
580 2826 754 2910 praecipue
788 2828 1012 2904 innitebatur,
1038 2828 1082 2891 ad
1111 2848 1171 2892 eos

215 2924 251 2986 in
288 2926 415 2989 amoris
456 2928 675 2991 concordiam
716 2927 930 2991 reducendos
967 2928 1171 3005 transmisit,

215 3024 379 3105 quatinus
405 3033 440 3089 et
462 3026 638 3090 blanditiis
660 3046 719 3090 eos
740 3026 919 3103 lenientes,
942 3035 978 3090 et
1000 3026 1114 3103 minis,
1134 3028 1170 3093 ni

216 3123 489 3204 adquiescerent,
519 3128 763 3200 absterrentes,
795 3126 840 3189 ad
868 3145 1046 3189 assensum
1069 3145 1169 3189 suum

215 3223 339 3303 quibus
366 3224 476 3287 modis
507 3232 648 3306 possent
671 3223 900 3288 intentissime
929 3232 1170 3305 provocarent.

215 3321 274 3383 Illi
292 3329 421 3398 autem,
436 3322 568 3386 intenta
581 3322 647 3385 sibi
662 3341 684 3385 a
698 3342 780 3403 rege
797 3323 1074 3399 comminatione,
1091 3343 1171 3387 cum
1183 3354 1319 3402 raam

213 3420 312 3485 salvo
326 3420 430 3484 eundi
447 3429 482 3485 et
497 3421 660 3485 redeundi
676 3422 849 3485 conductu
865 3422 995 3484 curiam
1011 3423 1141 3504 petiere
1156 3448 1166 3497 ;
1183 3403 1309 3503 ἒῗ»“ιῗέἑηῖἷῗ

213 3520 439 3602 omnibusque
456 3540 535 3603 quae
558 3521 731 3604 petierant
748 3521 791 3584 ad
814 3529 936 3585 votum
961 3522 1168 3603 impetratis,
1182 3504 1313 3553 ²⁰⁸‘⁶¹'¹¹⁰¹¹‘

212 3625 355 3700 peracto
378 3638 457 3683 cum
478 3620 710 3703 jurejurando
736 3620 870 3684 liberali
892 3620 1056 3696 hominio,
1073 3621 1168 3684 illius

212 3737 288 3782 sese
305 3718 446 3782 servitio
469 3738 514 3782 ex
541 3726 616 3783 toto
642 3718 894 3801 manciparunt.
947 3717 1058 3782 Affuit
1078 3721 1169 3783 inter

212 3817 363 3900 reliquos
397 3817 563 3899 Paganus
593 3818 684 3882 filius
722 3818 884 3892 Joanuis,
911 3818 972 3880 sed
1006 3825 1041 3881 et
1079 3817 1168 3883 Milo
1182 3848 1285 3889 „aaa

211 3918 280 3993 ille,
311 3916 354 3979 de
387 3936 456 3997 quo
488 3915 647 3998 superibs
682 3916 824 3979 lecimus
855 3916 1075 3992 mentionem,
1108 3917 1167 3981 ille
1182 3899 1320 3997 mappa-

211 4016 529 4089 Herefordensiset
547 4016 801 4097 Salopesbiriae,
822 4016 888 4079 iste
914 4014 1167 4080 Glocestreusis
1182 3999 1333 4091 {ffissss‘fflffl'

209 4115 396 4199 provinciae
428 4115 643 4179 dominatum
678 4134 826 4196 gerens:
870 4116 930 4199 qui
962 4117 999 4180 in
1030 4122 1167 4180 tanturn

244 4266 252 4296 ¹
269 4264 474 4326 ‘delectatione’
485 4266 632 4317 Duchesne.
669 4260 674 4333 Ι
724 4262 735 4291 ²
750 4266 792 4313 ‘in
805 4265 959 4329 praesentia,'
977 4266 1125 4315 Duchesne.
