3167 5000
531 482 636 531 nucrs
663 483 876 531 Anouonuu.
1129 468 1174 532 93

224 638 328 719 ginis,
356 638 628 719 professionique
664 638 879 702 addictarum
905 638 1077 720 virginum
1102 660 1172 703 coe·
1187 657 1339 704 menarum

191 808 192 811 Ἴ
224 739 375 814 nobium,
408 737 592 800 confractis
625 737 957 801 truculentissime
943 739 1073 821 Januis,
1110 758 1172 803 ex·
1186 707 1339 797 blitilde

224 836 387 917 pilavbre,
415 837 541 917 quique
564 854 639 899 sese
658 837 817 917 praesidii
843 834 950 900 causa
976 838 1069 900 intus
1091 857 1172 901 cona
1186 807 1329 847 ‘mm'

223 934 385 1010 tulerant,
400 932 535 998 calcata
550 935 767 1016 impudenter
782 936 922 1017 pietate,
940 936 1023 999 loris
1037 937 1173 1000 innexis

224 1032 316 1096 foras
332 1033 543 1097 abstraxere.
598 1033 644 1095 Et
659 1033 809 1115 quidem,
828 1053 1027 1115 quanquam
1038 1035 1172 1117 justum

224 1132 383 1196 videatur
408 1152 486 1195 cum
513 1132 720 1196 adversariis
743 1132 904 1214 perverse
936 1132 1060 1195 debere
1091 1152 1173 1197 cone

224 1230 376 1307 tendere,
396 1237 430 1293 et
456 1228 628 1307 mensura,
662 1228 732 1311 qub
762 1230 862 1293 nobis
894 1232 1003 1294 mensi
1034 1230 1174 1308 fuerint,

225 1326 326 1409 aequit
354 1329 422 1391 illis
455 1329 531 1393 vice
560 1329 722 1404 remetiri,
756 1328 883 1392 eximie
915 1336 1032 1393 tamen
1059 1349 1174 1392 comes

226 1425 459 1503 (albornensis
473 1429 596 1509 suique
613 1428 766 1490 fautores
779 1427 955 1509 culpandi,
966 1428 1174 1491 temerariae·

224 1545 291 1606 que
317 1527 592 1608 praesumptionis
616 1524 789 1607 praecipue
813 1525 966 1601 notandi,
985 1526 1068 1608 quia
1089 1533 1176 1590 tem-

224 1624 319 1705 plum
345 1626 536 1689 animarum
565 1625 749 1700 duntaxat,
781 1632 817 1687 et
843 1624 1084 1706 depressorum
1111 1646 1172 1689 ιο·-

225 1723 394 1804 tissimum
412 1725 505 1787 omni
525 1730 627 1787 aetate
647 1722 830 1804 refugium,
845 1742 915 1786 non
929 1721 1042 1785 soldm
1063 1722 1173 1787 viola·

223 1829 316 1895 runt,
340 1822 401 1887 sed
419 1830 465 1900 et,
484 1824 543 1903 qui
564 1842 626 1904 spe
648 1822 782 1897 salutis,
798 1828 835 1884 et
849 1823 1046 1885 securitatis
1068 1820 1176 1887 causb

225 1921 411 1983 introrsum
433 1920 670 2001 confugerant,
693 1940 772 1983 cum
787 1920 888 1983 nudis
910 1922 955 1983 ab
978 1920 1080 1983 altari
1096 1922 1174 1984 abs·

225 2025 354 2082 tractos
372 2020 506 2102 gladiis,
526 2020 720 2101 captivitati
742 2019 963 2082 addixerunt.
1016 2018 1121 2082 Nec
1110 2040 1174 2081 nn-
1186 2042 1319 2083 aerumna

225 2117 317 2198 pune
338 2119 485 2199 quidem
537 2117 560 2181 J
563 2125 661 2181 ustus
678 2136 826 2198 namque
848 2118 1084 2181 calamitatum
1103 2094 1268 2182 suis'muco

227 2215 355 2329 injuste
375 2217 549 2281 illatarum
569 2222 743 2299 respector
763 2217 872 2292 Deus,
892 2216 953 2298 qui
974 2216 1120 2281 reddit
1110 2238 1175 2280 un·

226 2316 292 2395 piis
314 2316 350 2378 in
371 2324 477 2397 caput
490 2315 678 2379 secundum
696 2315 789 2395 quod
810 2321 1059 2396 promerentur,
1079 2334 1174 2379 acer·

225 2413 427 2477 bissimam
418 2435 455 2477 111
470 2416 519 2478 eis
534 2412 691 2476 exercuit
704 2411 881 2475 ultionem
921 2411 1014 2490 Quia
1029 2411 1174 2478 Roberti
1185 2435 1256 2478 nats
1268 2438 1335 2477 orno

225 2511 450 2576 Glaornensis
473 2513 608 2576 comitis
627 2511 729 2586 filius,
760 2511 920 2594 specialis
942 2511 1074 2576 scilicet
1094 2532 1173 2594 pro·
1158 2487 1337 2578 -3llrllbtl‘¹‘

225 2612 420 2693 pagationis
443 2631 514 2674 suae
532 2611 702 2692 splendor,
719 2616 754 2674 et
768 2610 887 2687 decus,
902 2608 1086 2673 immaturis
1105 2631 1174 2675 non
1185 2589 1230 2633 ‘⁰¹'

225 2710 335 2774 multd
365 2710 443 2793 pbst
473 2717 581 2774 morte
613 2716 809 2790 praeventus
840 2709 980 2772 interiit
1049 2708 1327 2775 Comesorrmorm

226 2827 364 2890 quoque
383 2808 611 2883 Herefordiae,
626 2807 726 2884 Mllo,
735 2807 844 2871 fomes
859 2809 946 2871 tanti
963 2807 1057 2885 mali,
1069 2810 1131 2871 et
1121 2829 1172 2872 m·¹
1185 2785 1327 2831 ‘'mm'’

225 2907 383 2988 stigator,
411 2909 485 2970 sine
515 2906 740 2970 confessionis
762 2907 880 2982 verbo,
907 2907 980 2970 sine
1003 2908 1172 2988 poeniten·

225 3006 283 3068 tiae
298 3005 451 3082 fructu,
441 3024 517 3088 rpso
534 3007 570 3068 in
588 3024 677 3068 anno
699 3006 886 3098 sagittatus
905 3005 1043 3070 interiit.
1083 3006 1172 3076 Wil·
1158 3033 1314 3081 -οιιιιιιιω,

224 3103 346 3167 lelmus
375 3105 594 3168 nihilominus
617 3104 766 3167 civitatis
797 3104 997 3167 Saresbiriae
1020 3124 1172 3186 praecep·
1158 3083 1323 3230 qritsb‘l.

225 3209 290 3280 tor,
300 3223 341 3266 eo
356 3210 521 3285 tempore,
531 3209 566 3266 et
580 3203 768 3283 municeps,
781 3202 989 3265 horrendis
979 3221 1015 3264 ιιι
1032 3183 1238 3279 somnis,bury

223 3300 301 3383 ipsb
317 3301 475 3383 Virgine,
497 3309 537 3364 ut
556 3303 663 3375 aiunt,
683 3300 748 3363 sibi
770 3301 965 3375 assistente,
989 3300 1173 3364 deterritus

225 3400 338 3477 minis,
361 3400 421 3465 sed
445 3407 481 3462 et
507 3399 685 3463 dirissimis
721 3398 928 3462 inevitabilis
958 3399 1173 3479 aegritudim's

223 3506 412 3581 correptus·
428 3497 584 3579 flagellis
609 3497 702 3560 lento
726 3497 864 3561 tandem
888 3498 1041 3562 cruciatu
1061 3505 1173 3563 tortus

223 3598 362 3661 interiit.
422 3598 597 3663 Robertus
619 3597 723 3668 etiam
747 3596 837 3660 filius
864 3595 1097 3673 Hildebranti,
1119 3598 1294 3664 vitamne

223 3696 329 3759 infimi
356 3697 501 3778 generis,
524 3696 583 3758 sed
611 3714 754 3758 summae
776 3715 910 3776 semper
935 3695 1076 3758 malitiae
1098 3715 1172 3758 ma·
1157 3675 1313 3764 tribllssdsp

223 3794 390 3870 chinator,
413 3794 641 3869 atrocissimo,
662 3800 698 3854 et
721 3793 848 3854 nostris
870 3791 995 3854 seculis
1017 3792 1172 3856 inaudito

225 3899 370 3958 vexatus
396 3893 563 3968 cruciatu,
586 3889 631 3953 ad
660 3897 818 3954 extrema
846 3889 995 3964 devenit,
1024 3889 1115 3953 sicut
1136 3892 1173 3953 in

223 3992 446 4074 sequentibus
476 3988 612 4072 plenids
638 3989 887 4052 enarrabimus.
949 3988 1017 4050 Sed
1044 3995 1079 4051 et
1114 3988 1173 4052 alii

226 4091 394 4168 nonnulli,
415 4090 540 4154 divinae
564 4087 871 4152 animadversionis
893 4088 1028 4168 experti
1044 4088 1172 4151 vindic-

224 4197 307 4266 tam,
332 4189 543 4254 crudelitatis
567 4189 611 4252 ob
636 4187 854 4251 temerariam
876 4186 1011 4270 praefati
1034 4187 1173 4250 sacrile-
