3167 5000
408 491 454 552 56
727 503 842 552 cusin
864 502 1059 562 srnrnnru,

411 678 521 739 usque
535 659 617 721 dum
637 659 808 740 completa
822 664 935 721 essent
948 663 1091 738 peccata
1106 655 1364 732 Amorreorum,

412 765 447 821 et
472 758 632 839 AEthiops
657 764 807 820 mutaret
835 757 959 838 pellem
988 775 1099 831 suam,
1127 756 1364 827 immisericor-

412 857 500 920 diter
514 857 641 938 ubique
656 876 717 938 per
731 855 895 936 Angliam
911 875 1046 936 semper
1060 854 1224 920 induruit.
1314 895 1317 900 -

246 978 332 1066 3⁰3?ss
333 975 401 1064 {331
463 956 557 1018 Dum
587 957 694 1036 igitur
716 976 778 1019 rex
804 955 849 1018 ad
878 955 948 1018 alia
975 954 1177 1030 intenderet,
1205 954 1363 1035 ostiaque

248 1077 336 1116 enarre
412 1055 722 1130 marina,custodiis
733 1053 945 1120 strictissime
954 1053 1127 1129 adhibitis,
1137 1072 1253 1116 arcere
1260 1053 1364 1135 jube-

248 1124 385 1224 2232?in
411 1160 474 1230 ret,
495 1173 608 1219 comes
629 1152 817 1228 Glaomiae,
840 1153 1025 1229 Robertus,
1051 1171 1130 1214 cum
1154 1171 1270 1215 sorore
1300 1149 1366 1215 sua

248 1225 382 1265 ,innan
411 1250 586 1316 comitissb
608 1252 864 1332 Andegavensi,
891 1250 984 1332 apud
1013 1250 1192 1313 castellum
1209 1249 1364 1314 Arundel

412 1351 607 1432 applicitus,
630 1351 729 1431 quasi
752 1350 947 1430 hospitandi
968 1347 1093 1430 gratib,
1121 1369 1200 1414 cum
1220 1347 1364 1420 robustb

411 1448 558 1532 militum
573 1468 677 1512 manu
692 1456 872 1530 susceptus
886 1447 962 1513 fuit.
1015 1447 1194 1512 Concussa
1203 1449 1364 1530 protinus

412 1547 553 1628 Anglia,
567 1556 602 1614 et
617 1549 742 1610 eximio
757 1567 887 1631 pavore
901 1547 1113 1623 tremefacta,
1128 1547 1237 1610 modis
1252 1547 1364 1609 diver·

413 1648 461 1709 sis
496 1648 713 1727 agitabatur;
751 1648 834 1728 quia
866 1647 1073 1727 quicumque
1109 1645 1276 1722 clanculo,
1309 1645 1365 1709 vel

414 1745 532 1826 aperte
557 1745 607 1809 illi
630 1745 804 1820 favebant,
828 1744 928 1810 solito
952 1752 1050 1808 erant
1078 1746 1238 1820 acriores,
1264 1751 1299 1807 et
1320 1746 1365 1808 ad

414 1863 531 1924 regem
552 1843 823 1927 perturbandum
846 1844 1079 1923 accensiores;
1103 1845 1163 1925 qui
1183 1843 1266 1909 verb
1291 1845 1365 1924 regi

415 1944 708 2024 obtemperabant,
731 1943 833 2024 quasi
853 1942 1022 2005 horrendo
1040 1941 1194 2026 depressi
1215 1943 1366 2005 tonitruo

416 2041 694 2106 humiliabantur.
757 2040 918 2104 Ceterum
947 2061 1008 2104 rex
1039 2061 1100 2122 per
1129 2059 1257 2118 omnes,
1287 2061 1365 2122 quae

414 2141 480 2203 sibi
501 2141 705 2217 acciderant,
721 2139 900 2216 bellorum,
915 2148 949 2202 et
974 2138 1221 2211 discordiarum
1246 2140 1367 2203 adver·

414 2239 546 2314 sitateS,
561 2240 798 2320 indesperatus
820 2258 971 2319 prorsus,
987 2246 1022 2301 et
1042 2239 1220 2314 infractus,
1234 2238 1366 2301 nullum

415 2356 520 2401 morae
531 2339 682 2419 spatium
695 2336 849 2413 indulsit,
864 2337 924 2400 sed
940 2357 1019 2401 cum
1033 2346 1203 2420 prompto,
1219 2345 1254 2400 et
1268 2357 1365 2400 exer·
1461 2378 1464 2382 ι

416 2437 532 2513 citato,
552 2456 654 2518 quem
679 2456 796 2499 secum
819 2437 977 2513 ducebat,
1001 2437 1220 2502 militantium
1246 2456 1365 2513 cuneo,

416 2536 643 2599 audacissime
685 2536 891 2611 accelerans,
928 2545 1008 2599 ante
1047 2536 1159 2617 ipsum
1195 2536 1366 2617 insperate

416 2635 569 2698 constitit
591 2634 781 2711 castellum,
803 2629 1026 2716 ediscensque
1052 2655 1074 2698 a
1093 2636 1184 2698 veris
1207 2635 1366 2716 explora·-

254 2756 391 2847 {meis
415 2734 558 2811 toribus,
574 2735 733 2797 comitem
755 2753 834 2796 cum
855 2734 927 2797 suis
948 2754 1092 2797 evasum
1108 2734 1280 2797 Bristoam
1302 2735 1367 2800 sub

254 2858 382 2896 maenaa
417 2840 582 2896 nocturno
616 2833 752 2896 silentio
785 2833 981 2908 tetendisse,
1020 2852 1239 2914 sororemque
1274 2831 1367 2895 illius

253 2906 496 3015 lltltbffltmum
526 2930 683 2994 adductis
718 2950 834 2993 seeum
864 2930 1185 3012 Andegavensibus,
1214 2931 1367 3008 castello,

254 3006 309 3045 ''¹¹¹‘'
417 3029 476 3091 ubi
505 3027 682 3110 applicuit,
711 3030 897 3105 delituisse,
927 3029 1098 3101 exercitiis
1126 3031 1173 3094 ibi
1196 3038 1294 3111 parte
1323 3029 1367 3093 ad

416 3127 664 3209 providendum
690 3148 732 3191 ne
758 3128 851 3191 foras
878 3135 1115 3211 prorumperet
1137 3127 1268 3204 relicti,
1294 3130 1368 3210 ipse

417 3226 462 3289 ad
486 3226 689 3309 capiendum
715 3228 873 3292 comitem
896 3234 990 3291 totus
1018 3228 1170 3291 intendit.
1223 3227 1367 3303 Verum,

256 3352 371 3399 ranngrn
417 3325 496 3389 cbm
512 3327 583 3391 voti
609 3327 663 3389 sui
689 3345 828 3408 compos
848 3326 985 3389 minime
1002 3328 1165 3390 existeret
1178 3325 1264 3412 (non
1279 3328 1368 3389 enim

254 3401 500 3491 diffidunt
516 3423 584 3501 vid,
607 3425 667 3488 sed
691 3433 822 3488 secreto
848 3426 998 3507 quodam
1027 3426 1214 3489 diverterat
1242 3425 1368 3509 limite)

255 3501 390 3589 ἓῖῗξῗὲἒίῗ»
418 3523 463 3585 ad
486 3542 556 3599 eos,
572 3524 632 3604 qui
653 3525 689 3585 in
715 3523 856 3586 castello
876 3544 913 3587 se
928 3533 1149 3601 retruserant,
1164 3525 1368 3588 obsidendos

256 3600 352 3639 Arundel

256 3650 328 3689 aare.
418 3621 656 3701 retrogradum
684 3622 749 3684 iter
779 3622 938 3686 festinato
967 3623 1111 3686 inflexit.
1176 3624 1367 3705 Episcopus
1413 3630 1423 3641 “

256 3746 392 3805 rapina»
417 3727 534 3785 autem
550 3720 809 3796 Wintoniensis,
832 3722 949 3785 audito
972 3742 1090 3785 eorum
1116 3723 1278 3797 adventu,
1294 3741 1367 3784 om·

254 3795 393 3885 mliii*
418 3820 476 3883 nia
501 3821 656 3901 protinus
686 3822 820 3883 viarum
845 3820 1048 3885 diverticula
1072 3821 1237 3884 militibus
1261 3840 1368 3903 oppo-

254 3896 375 3983 iiifffiytiss
417 3919 492 3981 sitis
522 3920 697 3983 obstruere
727 3919 818 3995 secit,
847 3920 1064 4001 tandemque,
1094 3928 1134 3983 ut
1162 3920 1254 3983 sama
1282 3928 1368 3996 erat,

255 3994 406 4086 iiiffiwm
418 4018 534 4080 comiti
552 4036 744 4094 occurrens,
760 4018 867 4099 pacis,
884 4025 918 4081 et
933 4020 1091 4082 amicitiae
1106 4019 1263 4082 stabilius
1280 4020 1370 4082 inter

417 4134 455 4180 se
478 4116 635 4198 pactione
660 4115 812 4198 peractb,
829 4117 939 4180 virum
961 4118 1152 4182 indemnem
1175 4119 1270 4181 abire
1290 4138 1368 4201 per-

417 4216 520 4279 misit.
573 4214 618 4279 Et
647 4212 711 4279 hoc
743 4216 881 4297 quidem
910 4216 1049 4297 vulgus,
1073 4218 1133 4287 sed
1163 4218 1255 4281 omni
1284 4218 1368 4282 sane
