3167 5000
424 487 468 549 60
742 500 857 547 casm
880 496 1073 558 surenam,

426 664 570 720 eventus
580 655 673 732 belli,
685 661 720 718 et
732 674 822 718 nunc
831 654 984 718 Fortuna
995 651 1112 716 secula
1128 660 1248 715 nostra
1262 659 1379 715 rotans

426 757 530 819 istum
559 755 604 818 ad
632 774 766 817 summa
796 753 956 828 sustollit,
981 759 1017 816 et
1044 771 1127 814 mox
1156 752 1303 814 eundem
1334 752 1379 814 ad

427 854 588 918 inferiora
609 852 736 936 dejicit,
756 859 836 934 post
858 851 1104 915 faustissimum
1122 850 1234 933 ‘hujus
1256 851 1379 913 ominis

428 960 601 1028 eventum,
624 954 775 1016 subitum
808 952 840 1015 ei
866 957 901 1014 et
923 952 1135 1031 insperatum
1157 951 1379 1012 subsecutum

268 1077 379 1116 never-e..
428 1059 480 1115 est
496 1052 730 1115 infortunium.
782 1051 877 1113 Dum
901 1050 991 1113 enim
1010 1056 1163 1129 coeptum
1179 1049 1244 1111 iter
1259 1068 1379 1112 versus

266 1142 387 1238 fflff‘ffllp‘:
428 1150 632 1231 Trobrigam
649 1150 790 1231 legeret,
809 1149 906 1225 Milo,
922 1149 976 1211 vir
990 1149 1146 1212 acerrimi
1160 1148 1276 1223 animi,
1291 1148 1379 1211 etad

266 1240 411 1341 {imm
428 1269 556 1329 magna
577 1249 771 1313 invadenda
796 1248 953 1329 impiger,
970 1254 1004 1310 et
1025 1255 1276 1328 perpromptuS,
1300 1266 1378 1309 cum

428 1349 556 1412 eximio
573 1348 795 1411 militantium
812 1348 933 1410 robore
943 1344 1259 1426 Walengefordiam
1274 1343 1379 1408 noctu

429 1447 580 1524 advenit,
595 1445 800 1528 militesque,
816 1464 903 1526 quos
924 1462 987 1508 rex
1005 1446 1052 1508 ibi
1071 1444 1266 1525 reliquerat,
1282 1444 1378 1506 forti·

429 1552 493 1623 ter,
517 1554 552 1609 et
578 1544 729 1610 animose
754 1546 975 1625 impugnatos
1003 1543 1069 1607 sibi
1091 1544 1230 1606 tandem
1259 1543 1380 1606 cedere

430 1646 565 1725 coegit:
589 1644 724 1726 illisque
739 1643 940 1719 vulneratis,
963 1649 999 1707 et
1022 1643 1096 1706 istis
1118 1642 1250 1718 occisis,
1270 1643 1378 1705 omni·

429 1744 495 1806 bus
517 1749 632 1807 autem
657 1742 798 1824 reliquis
820 1742 942 1823 captis,
962 1748 997 1805 et
1012 1741 1207 1816 vinculatis
1227 1760 1306 1803 cum
1327 1742 1379 1803 in·

429 1842 520 1922 signi
543 1841 697 1905 victoriae
722 1840 823 1904 titulo
853 1840 897 1903 ad
932 1841 1072 1922 propria
1105 1840 1282 1903 remeavit.
1335 1840 1381 1904 Et

429 1941 507 2005 idco
529 1941 631 2021 plane
656 1946 728 2003 tam
750 1940 935 2003 damnosus
957 1939 1060 2022 hujus
1081 1938 1258 2001 infortunii
1279 1958 1381 2001 casus

430 2041 504 2120 regi
518 2046 553 2102 et
568 2040 640 2103 suis
663 2040 729 2102 isto
746 2040 782 2101 in
804 2039 880 2112 loco
903 2039 1059 2119 contigit,
1074 2038 1157 2119 quia
1171 2058 1214 2100 ex
1231 2035 1381 2118 quidam

430 2137 477 2200 ibi
492 2136 647 2213 ecclesiis,
661 2144 707 2200 ex
724 2137 826 2200 domo
848 2138 979 2200 scilicet
1000 2136 1185 2217 religionis,
1201 2144 1235 2200 et
1252 2137 1379 2201 oratio-

430 2237 494 2311 nis,
504 2236 683 2300 castellum
699 2236 784 2311 fieri,
799 2236 1055 2317 sanguinisque,
1068 2243 1102 2299 et
1116 2236 1197 2299 belli
1209 2255 1381 2298 recessum

430 2335 516 2415 erigi
539 2335 703 2416 permisit.
756 2334 851 2412 Quia
866 2336 956 2397 enim
983 2335 1127 2398 ecclesia
1148 2334 1192 2398 ad
1215 2334 1279 2397 hoc
1299 2355 1379 2397 con-

432 2434 596 2511 stituitur,
619 2441 660 2497 ut
677 2434 799 2503 domus
820 2434 900 2511 Dei,
926 2434 1048 2496 domus
1073 2433 1238 2497 orationis
1262 2434 1321 2510 sit,
1346 2442 1380 2496 et

431 2542 585 2609 vocetur,
607 2534 672 2597 iste
698 2533 887 2597 certissime
909 2534 1023 2596 Deum
1050 2534 1201 2608 offendit,
1224 2534 1284 2614 qui
1310 2533 1382 2596 bel·

432 2632 577 2695 lentium
599 2651 675 2696 eam
694 2632 929 2696 babitaculum
947 2631 1062 2697 efficit.
1116 2632 1217 2695 Unde
1232 2633 1325 2712 quia,
1343 2637 1383 2695 ut

432 2733 596 2813 scriptum
624 2739 687 2808 est,
716 2732 849 2794 nullum
885 2738 1065 2812 peccatum
1101 2731 1317 2813 impunitum,
1347 2739 1383 2794 et

432 2850 603 2906 mensura,
619 2827 689 2911 quit
717 2849 856 2895 mensus
880 2831 983 2894 suerit
1011 2831 1100 2911 quis,
1122 2831 1155 2895 ei
1175 2831 1382 2906 remetietur,

433 2947 501 2990 non
519 2928 666 2991 absurde
688 2930 865 3005 sentimus,
880 2930 911 2992 si
934 2928 1012 2992 ideo
1034 2930 1109 3010 regi
1128 2930 1193 2993 hoc
1219 2929 1382 2992 accidisse

433 3025 684 3103 confirmamus
696 3028 778 3108 quia
792 3028 900 3109 pacis,
909 3036 945 3092 et
961 3028 1083 3091 salutis
1098 3027 1235 3092 domum
1250 3028 1287 3090 in
1303 3028 1383 3091 belli

434 3131 468 3188 et
483 3124 662 3190 discordiae
677 3127 904 3189 commutavit
917 3127 1064 3208 asylum.

272 3242 420 3282 uuoeuecu
484 3223 571 3288 Milo
600 3225 706 3306 igitur
734 3232 806 3287 tanr
839 3225 988 3306 gloriose
1019 3226 1234 3289 adversarios
1262 3226 1382 3288 trium-

272 3292 330 3340 larsse
338 3292 404 3331 lorcer

271 3320 571 3432 ammplam&
601 3325 645 3387 ad
674 3343 802 3404 regem,
834 3332 869 3387 et
898 3343 979 3388 suos
1004 3325 1256 3388 conturbandos
1288 3331 1383 3388 totus

273 3441 385 3490 tneKlng.
432 3422 588 3499 rntcndit,
603 3442 801 3504 omnesque,
817 3442 964 3504 quorum
985 3424 1217 3505 possessiones
1238 3442 1301 3485 rex
1323 3423 1382 3486 de-

432 3518 627 3600 populbrat,
645 3522 702 3584 vel
728 3522 788 3603 qui
814 3522 846 3585 ei
871 3523 1046 3586 adversari
1065 3520 1189 3604 qubvis
1212 3523 1255 3585 de
1277 3519 1383 3584 causei

433 3619 693 3695 contendebant,
721 3618 923 3684 Glaorniam
955 3621 1159 3697 adsciscens,
1191 3627 1265 3684 tum
1301 3622 1384 3701 quia

432 3716 528 3781 locus
553 3719 717 3794 munitus,
739 3725 774 3781 et
797 3720 889 3782 omni
912 3718 1012 3801 copib
1034 3727 1109 3783 erat
1130 3718 1382 3795 refertissimus,

434 3824 507 3879 turn
533 3818 615 3899 quia
643 3818 827 3882 multitudo
853 3838 898 3881 ex
924 3818 1068 3883 diversis
1097 3819 1182 3882 locis
1210 3820 1246 3881 in
1275 3838 1381 3881 unum

432 3915 582 3979 conflata
602 3916 712 3980 tutius
729 3937 888 3998 quaeque,
903 3925 938 3980 et
952 3917 1087 3981 avidius
1104 3918 1293 3992 invaderet,
1308 3918 1382 3998 plu-

433 4014 520 4076 rima
542 4015 721 4095 insigniter
747 4024 782 4078 et
805 4016 986 4080 victoriose
1017 4017 1159 4098 peregit.
1213 4017 1263 4080 Ut
1292 4017 1383 4079 enim

742 4211 747 4240 ¹
767 4215 914 4276 Ducherne,
925 4215 1045 4277 ‘ipsum’
