3167 5000
506 506 611 553 aneis
636 505 849 554 suenorum.
1110 491 1154 561 97

203 658 329 749 (fames
346 684 494 748 namque
511 667 545 729 in
569 666 663 730 omni
681 660 809 748 Anglii
832 666 1000 731 dirissime
1017 665 1151 732 invalu-

201 760 298 847 erat)
315 759 443 841 notitia,
461 772 496 830 et
512 765 657 829 insuetis
672 767 808 830 canium
824 765 880 829 vel
895 786 1060 849 equorum
1078 788 1151 832 car·

201 863 303 926 nibus
326 865 431 942 vesci,
453 864 504 928 illi
531 865 712 929 herbarum
738 866 792 929 vel
824 866 978 930 radicum
1009 867 1151 931 crudam

201 961 356 1027 illuviem
374 964 417 1027 ad
444 965 566 1029 famem
586 965 806 1030 relevandam
817 966 1016 1031 insatiabili
1032 986 1150 1043 morsu

203 1081 417 1137 consumere3
441 1083 523 1145 pars
538 1064 726 1141 hominum,
742 1064 868 1148 ubique
883 1065 1151 1148 provinciarum,

200 1160 303 1226 famis
324 1163 535 1245 praevalente
559 1162 722 1246 angustia
744 1166 925 1228 tabescens
946 1166 1149 1229 catervatim

200 1262 301 1338 mori,
319 1282 412 1344 pars,
428 1282 505 1327 cum
523 1265 616 1328 omni
640 1262 772 1328 familia
791 1272 1018 1346 spontaneum
1045 1264 1148 1347 lugu·

201 1355 309 1424 briter
330 1356 470 1426 subiens
484 1364 638 1441 exilium,
659 1364 896 1428 exterminari.
934 1362 1081 1428 Videres
1095 1364 1147 1429 fa·

202 1460 386 1525 mosissimi
406 1462 553 1527 nominis
568 1463 682 1538 villae,
705 1463 876 1526 defunctis
899 1461 1007 1526 totius
1030 1461 1147 1540 sextis,

202 1566 237 1622 et
268 1554 395 1639 aetatis,
421 1561 564 1639 colonis,
595 1562 769 1626 solitarias
802 1568 907 1639 stare,
934 1571 970 1627 et
1006 1582 1148 1645 prorsus

200 1668 403 1738 evacuatae,
431 1680 534 1743 agros
564 1659 755 1726 cultissima
785 1668 902 1743 segete
934 1662 1148 1733 albescentes

199 1756 359 1843 (suberat
390 1761 542 1824 enimin
570 1762 684 1826 vicino
706 1757 910 1846 autumnus)
937 1762 997 1826 sed
1028 1779 1147 1826 eorum

197 1858 362 1937 cultoreS,
386 1859 549 1942 pestifera
580 1861 670 1924 same
696 1860 960 1937 intercurrente,-
976 1860 1018 1925 de
1034 1863 1147 1927 medio

199 1959 369 2036 sublatoS,
392 1967 570 2043 totamque
595 1958 758 2042 Angliam
782 1960 917 2025 vultum
946 1962 1086 2037 doloris,
1112 1972 1148 2027 et

199 2058 420 2137 calamitatis,
442 2059 565 2124 faciem
588 2060 747 2136 miseriae,
763 2068 799 2124 et
816 2060 1050 2143 oppressionis
1072 2060 1147 2125 ubi'·

194 2176 269 2238 que
300 2158 464 2224 induisse.
516 2159 573 2223 Ad
608 2166 784 2224 tantorum
809 2168 932 2253 'autem
963 2161 1148 2226 accedebat

194 2257 374 2321 cumulum
391 2258 570 2339 malorum,
588 2259 680 2341 quod
698 2259 804 2323 effera
819 2258 1042 2323 barbarorum
1060 2262 1149 2324 mul-

201 2356 326 2435 titudo,
335 2378 413 2441 quae
427 2358 542 2439 gratia
557 2358 739 2435 militandi,
749 2358 843 2422 sacto
860 2379 975 2441 grege,
985 2359 1147 2441 Angliam

201 2456 431 2535 confluxerat,
450 2478 513 2524 nec
529 2458 718 2523 visceribus
740 2458 892 2541 pietatis,
909 2479 971 2523 nec
983 2456 1147 2524 'humanae

201 2559 449 2640 compassionis
464 2559 589 2623 affectu
611 2578 714 2641 super
732 2565 795 2635 tot,
812 2560 988 2642 tantisque
1003 2561 1148 2624 miseriis

202 2654 445 2739 frangebatur3
479 2659 538 2723 sed
554 2647 694 2740 ubique,
711 2679 773 2741 per
789 2659 945 2736 castella,
962 2660 999 2722 in
1022 2659 1148 2735 scelus,

202 2763 238 2820 et
268 2757 436 2840 flagitium
468 2759 749 2826 committendum
772 2759 981 2834 unanimiter
1012 2759 1147 2841 conspi-

198 2875 290 2933 rare,
306 2858 350 2920 in¹
365 2861 467 2923 rebus
484 2878 673 2941 pauperum
691 2859 891 2941 diripiendis
907 2847 1149 2923 insatiabiliter

203 2975 339 3034 vacare,
366 2958 402 3021 in
419 2959 596 3023 discordiis
622 2958 815 3023 alterutrim
838 2958 1090 3041 promovendis,
1112 2959 1147 3022 in

202 3058 354 3121 caedibus
375 3058 504 3140 passim
527 3057 731 3141 peragendis
759 3059 825 3121 toti
847 3057 1011 3124 malitiosi
1041 3060 1147 3123 animi

203 3157 318 3222 studio
347 3158 532 3222 intendere.
585 3157 743 3240 Cumque
765 3159 925 3236 barones,
947 3160 1006 3240 qui
1029 3178 1088 3222 eos
1110 3159 1147 3221 in

204 3256 373 3320 auxilium
395 3277 496 3321 suum
519 3277 563 3321 ex
587 3257 825 3321 remotissimis
856 3257 1043 3338 provinciis
1064 3276 1147 3320 con-

200 3357 371 3435 civerant,
385 3377 447 3421 nec
465 3376 509 3420 ex
527 3357 676 3438 propriis
695 3355 859 3421 reditibus
876 3356 1050 3438 stipendia
1071 3375 1149 3438 pro-

203 3476 340 3538 rogare,
358 3477 421 3521 uec
442 3457 654 3539 inexpletam
676 3456 860 3521 eorundem
884 3455 977 3520 sitim
1000 3476 1044 3519 ex
1070 3475 1148 3537 pre·

204 3553 337 3634 darum,
349 3564 389 3620 ut
405 3562 665 3633 consueverant,
677 3556 798 3639 spoliis
817 3562 979 3638 poteraut
992 3575 1149 3620 remune-

205 3675 303 3736 rare;
344 3656 444 3743 (quia
470 3656 555 3720 nibil
579 3656 807 3739 indisreptum
839 3657 1149 3737 indistractumque

190 3757 317 3820 ,ubivis
333 3757 485 3819 locorum
504 3755 746 3838 reliquerant3)
773 3753 993 3817 ecclesiarum
1013 3772 1150 3835 posses·

199 3856 331 3932 aiones,
352 3856 407 3918 vel
432 3849 638 3935 ubicumque
668 3852 739 3916 suis
769 3850 905 3915 affinius
934 3851 1152 3918 cohaerebant

194 3955 411 4038 municipiis,
427 3953 482 4019 vel
503 3971 601 4034 quos,
620 3951 697 4015 aliis
714 3952 750 4015 in
767 3951 866 4027 locis,
882 3952 996 4015 missis
1017 3971 1151 4035 compe

190 4057 336 4120 ¹tentius
364 4054 571 4136 agminibus,
589 4051 753 4116 infestare
778 4051 954 4130 valebant,
977 4071 1068 4115 nunc
1094 4070 1152 4119 ca·

204 4154 355 4231 lumniis,
378 4162 414 4219 et
441 4151 629 4227 violentiiS,
652 4150 853 4234 impiissime
878 4170 1037 4233 gravare,
1062 4171 1153 4214 nunc

205 4249 370 4338 angariis,
392 4262 427 4319 et
452 4253 601 4328 tributis
621 4250 836 4325 atrocissime
865 4269 1040 4334 premerc;
1068 4251 1154 4316 istas

979 4369 1004 4414 Η
