3167 5000
424 436 488 513 114
723 464 856 511 susm
879 462 1072 523 sunnam,

261 642 307 681 m
316 640 391 691 nne
423 616 613 686 turbandos
634 620 877 703 quoquomodo
897 620 1053 695 irrueret,
1068 618 1140 695 sed,
1154 619 1256 700 quasi
1281 620 1373 685 intra

260 691 400 791 {³331in
425 722 562 805 azylum
577 739 678 784 suum
701 720 841 802 recepti,
857 725 892 782 et
908 719 974 783 sibi
994 717 1197 800 prudentibs
1211 720 1371 801 provide-

260 742 337 831 ’ΜΡ
425 828 512 897 rent,
536 827 570 883 et
593 819 760 895 hostibus
785 817 865 882 cdm
897 817 1085 899 expediret,
1111 816 1233 894 tutibs,
1264 819 1372 883 auda·

425 918 567 1001 oibsque
582 925 810 1003 occurrerent.
856 916 932 980 Nec
943 936 1050 992 mora,
1062 917 1184 979 erectis
1193 917 1284 980 circa
1299 937 1373 981 oas-

424 1018 544 1081 tellum
568 1018 645 1082 miri
668 1016 803 1081 artificii
825 1015 1002 1092 machinis,
1024 1015 1213 1096 sagittariis
1235 1035 1375 1099 quoquc

425 1118 461 1179 in
483 1117 629 1181 circuitu
643 1115 871 1182 differtissime
886 1115 1063 1191 ordinatis,
1079 1114 1139 1195 qui
1159 1113 1303 1179 interibs
1318 1137 1371 1180 re-

426 1216 663 1291 cludebantur,
681 1214 883 1296 gravissime
898 1215 1067 1279 vexabatt
1098 1214 1191 1296 quia,
1207 1213 1296 1291 binc,
1312 1234 1371 1279 eos

425 1314 568 1395 lapides
592 1314 647 1379 vel
672 1315 703 1377 si
727 1314 810 1395 quid
833 1313 927 1377 aliud
950 1311 1117 1376 machinae
1140 1314 1372 1391 excutiebant,

425 1412 573 1495 desuper
584 1413 762 1489 irruentes,
772 1413 899 1495 ubique
913 1410 1178 1489 contundebant,
1190 1412 1281 1489 inde,
1291 1412 1369 1476 bor-

425 1513 596 1575 ridissima
614 1513 821 1593 sagittarum
836 1511 979 1592 grando,
995 1512 1031 1573 in
1047 1530 1165 1575 eorum
1180 1512 1369 1576 circumve

425 1611 501 1674 lans
526 1620 711 1693 prospectu
735 1610 902 1674 dirissime
924 1610 1158 1692 inquietabat;
1186 1610 1372 1693 aliquando

426 1709 506 1786 tela,
530 1711 663 1773 eminus
686 1710 833 1787 vibrata,
859 1710 1011 1773 moldsve
1035 1710 1209 1791 quaelibet,
1230 1711 1368 1775 lacertis

426 1809 678 1872 excutientibus
692 1808 836 1873 interibs
852 1809 987 1884 emissa,
1002 1827 1061 1873 eos
1075 1807 1292 1886 molestabat,
1307 1811 1371 1874 ali-

426 1907 565 1988 quando
589 1908 705 1972 valida
729 1909 850 1989 pubes,
873 1908 994 1971 clivosi
1023 1907 1108 1971 valli
1135 1907 1371 1972 celsitudinem

427 2006 579 2070 animose
612 2006 854 2083 conscendens,
883 2020 1036 2087 pugnam
1068 2025 1146 2069 oum
1176 2008 1238 2083 eis,
1262 2008 1373 2090 paxil-

426 2104 469 2189 lis
493 2112 627 2169 tantum
649 2112 814 2186 utrosque
831 2105 1077 2181 dirimentibus,
1092 2104 1257 2168 acerrimo
1278 2125 1370 2170 com-

427 2204 595 2267 mittebat.
653 2204 697 2266 In
722 2203 815 2267 hunc
835 2204 981 2285 denique
1004 2204 1144 2267 modum
1163 2205 1372 2285 quotidianis

426 2303 561 2383 regales
573 2303 775 2367 excursibus
793 2322 852 2367 eos
853 2322 933 2385 ,qm
924 2303 1069 2366 'inclusi
1086 2310 1185 2366 erant
1186 2323 1370 2384 ,gravar03

264 2418 310 2459 m
318 2419 389 2469 seua
363 2401 557 2509 touillique,
568 2409 732 2479 econtra,
742 2402 898 2479 viriliter,
909 2408 944 2465 et
954 2402 1080 2465 ruvictb
1097 2421 1172 2465 sese
1182 2402 1370 2480 defensare

262 2473 385 2570 {stilibi
427 2501 546 2579 donec,
570 2503 630 2584 qui
654 2501 772 2592 primi·
779 2502 1006 2579 habebantur,
1028 2502 1150 2566 ceteris
1171 2503 1299 2578 lnsciis,
1325 2503 1367 2566 ad

427 2619 543 2681 regem
558 2601 672 2665 occult
673 2600 692 2663 ὲ
658 2602 885 2678 tmiserunt,
899 2599 1010 2681 deque
1024 2600 1198 2664 reddendo
1215 2603 1370 2679 castello,

426 2699 596 2780 pactione¹
611 2700 700 2764 inter
712 2719 750 2763 se
768 2696 1250 2776 confectd,e1satisleoer1mt.
1289 2701 1370 2766 Hoc

425 2798 543 2881 itaque
557 2800 594 2862 in
610 2800 702 2879 regis
717 2796 988 2881 dispositionem²
1004 2798 1196 2862 contradlto
1217 2800 1370 2878 castello,

425 2896 609 2978 plurimum
630 2897 761 2978 gloriae,
784 2897 959 2961 cumulum
985 2897 1130 2962 fortunae
1149 2899 1254 2978 regis,
1271 2899 1369 2963 Deus

425 2995 577 3076 aspirato
591 2995 728 3077 adjecit,
744 2997 828 3076 quia
848 3015 917 3060 non
933 2995 1046 3060 solbm
1065 3017 1109 3059 ex
1132 2997 1277 3060 militum
1291 3017 1371 3081 cap-

424 3093 529 3169 tione,
552 3094 612 3176 qui
637 3113 675 3157 se
696 3094 747 3157 illi
768 3096 833 3159 sub
855 3094 1042 3159 redimendi
1063 3096 1259 3160 conditione
1280 3116 1372 3161 oom-

424 3192 598 3270 miserant,
620 3193 676 3256 vel
699 3213 744 3257 ex
766 3213 949 3270 armorum,
976 3201 1010 3258 et
1037 3194 1225 3276 spoliorum
1251 3196 1371 3278 copiis,

425 3310 512 3372 quas
530 3292 623 3356 intus
645 3291 902 3356 affluentissime
917 3299 1127 3376 reppererat,
1144 3312 1226 3357 suos
1248 3295 1371 3376 largis*

424 3389 510 3477 sime
538 3391 786 3456 commilitones
817 3392 952 3467 ditavit,
982 3392 1172 3455 sedetiam
1205 3412 1249 3456 ex
1280 3391 1369 3475 ipsb,

425 3507 528 3568 quam
563 3490 800 3571 potentissime
830 3490 976 3570 adeptus
1004 3490 1081 3566 tuit,
1104 3487 1268 3567 uictoria,
1300 3511 1369 3556 non

424 3587 601 3649 minimum
641 3588 848 3652 adversariis
896 3589 968 3650 suis
1007 3594 1172 3651 terrorem
1212 3589 1369 3655 incussit.

261 3712 328 3790 lom
260 3701 393 3800 cuntem
425 3685 557 3750 Hostes
574 3706 723 3772 namque
740 3686 846 3763 illius,
862 3693 933 3749 tam
951 3686 1119 3750 famosum
1142 3688 1371 3769 percipientes

261 3801 299 3840 th·
309 3762 391 3840 10110⁰=¹le
378 3763 609 3867 &contigisse
623 3786 674 3849 illi
695 3785 918 3867 triumphum,
935 3786 1046 3866 magis
1068 3805 1109 3849 ac
1126 3787 1237 3868 magis
1256 3787 1369 3870 depri-

259 3850 401 3939 ternatim
322 3851 411 3890 ⁶⁰⁰⁰⁰
424 3885 618 3960 mebantur;
638 3886 721 3966 quia
736 3884 795 3947 alii
809 3883 953 3961 tardibs,
963 3891 999 3948 et
1012 3885 1188 3958 remissius
1203 3885 1370 3951 adversus

424 4003 503 4046 eum
527 4003 623 4047 arma
648 3984 839 4064 sumebant,
862 3983 934 4060 alii,
960 3984 1025 4046 sibi
1050 3991 1251 4062 metuentes,
1273 3986 1369 4068 pacis

473 4205 481 4234 ¹
498 4207 644 4269 Duobesns,
656 4206 796 4257 ‘factione’
942 4205 952 4235 ¹
969 4210 1115 4273 Ducbesnc,
1125 4209 1325 4272 ‘dispositione'
