3167 5000
516 479 622 529 neers
649 480 862 531 nncnouun.
1098 467 1164 531 109

209 636 305 715 tune,
326 642 504 719 pateretur
524 637 776 707 detrimentum
824 641 893 704 His
919 660 981 703 rex
1004 641 1160 704 animad-
1174 659 1288 710 mering

210 739 331 815 versis,
350 758 435 802 sano
457 758 599 802 suorum
625 740 803 821 adquievit
823 740 978 817 consilio,
999 741 1160 823 omnique
1174 712 1271 799 miili?
1317 743 1319 746 ’

211 837 428 919 expeditione
442 840 507 902 sub
525 838 745 911 festinatione
768 840 812 903 ab
829 840 898 903 illis
913 840 1001 907 locis
1017 840 1160 918 dimote,
1174 811 1322 909 rabili?

211 937 565 1015 adWinchelcomam,
574 940 634 1002 ubi
648 939 833 1021 Rogerius,
846 959 957 1005 novus
971 939 1031 1003 ille
1047 938 1083 1001 H
1085 960 1160 1004 ere
1149 889 1277 960 mm)

211 1033 379 1101 fordensis
396 1057 522 1114 comes,
537 1038 718 1103 castellum
736 1040 905 1103 adversus
927 1040 992 1102 sibi
1015 1058 1160 1103 consen.-

211 1137 336 1201 tientes
355 1144 525 1213 erexerat,
541 1137 727 1219 improvise
747 1138 900 1216 devenit,
917 1137 1160 1221 reperiensque

212 1236 393 1300 castellum
408 1237 501 1301 vallo
522 1238 788 1301 eminentissimo
804 1238 841 1299 in
859 1256 1014 1319 praeceps
1029 1237 1161 1303 devex«

211 1354 282 1412 um,
305 1337 527 1419 insuperabili
553 1337 740 1401 munitione
766 1336 918 1420 undique
939 1338 1162 1416 circumcinc-

212 1442 296 1512 tum,
320 1436 380 1499 sed
403 1436 522 1519 paucis
546 1435 590 1499 ad
616 1436 844 1500 resistendum
858 1436 1027 1517 impositis
1044 1433 1160 1521 (diffu-

211 1542 335 1616 gerant
352 1536 440 1601 enim
456 1536 606 1600 subitum
624 1536 727 1613 illius,
740 1541 774 1599 et
793 1536 1007 1617 insperatum
1021 1536 1160 1600 audien·

212 1640 265 1698 tes
287 1633 491 1720 adventum)
519 1635 702 1700 validiores
736 1654 893 1718 quosque
916 1636 1022 1697 armis
1044 1643 1082 1699 se
1107 1637 1160 1698 in·
1229 1638 1232 1642 ’

211 1742 356 1811 struere,
366 1735 409 1799 ad
422 1735 603 1800 castellum
613 1734 883 1817 expugnandum
895 1754 932 1798 se
944 1735 1160 1799 vivacissime

212 1840 332 1916 aptare
354 1836 531 1919 praecepit,
549 1836 626 1899 istis
643 1835 782 1915 sagittis
803 1834 941 1915 spissim
964 1835 1062 1898 emitt
1049 1835 1161 1898 tendis
1173 1858 1300 1899 orreum

212 1934 380 2011 insistere,
396 1934 475 2011 illis,
493 1934 662 2017 reptando
681 1933 809 1998 vallum
828 1933 1070 2009 conscendere,
1087 1954 1160 1997 om·
1172 1910 1261 1949 'mun'

215 2033 315 2097 nibus
333 2040 447 2097 autem
471 2034 616 2116 impigre
640 2033 676 2096 in
702 2032 847 2098 circuitu
874 2033 1161 2112 discursantibus,

214 2151 439 2217 quaecumque
464 2134 509 2199 ad
542 2151 664 2197 manus
695 2140 914 2197 occurrerent
941 2133 1035 2197 intus
1060 2132 1161 2215 jacu-

210 2230 286 2297 lari.
512 2253 514 2257 ·

257 2334 351 2398 Dum
368 2333 475 2414 igitur
491 2354 555 2397 rex
579 2351 658 2397 cum
673 2333 744 2396 suis
765 2340 837 2395 tam
854 2331 944 2409 vive,
961 2340 1033 2396 tam
1047 2333 1161 2396 valide
1174 2358 1294 2399 memus

213 2432 249 2494 in
268 2432 433 2515 capiendo
448 2433 589 2497 castello
604 2432 799 2510 desudaret,
813 2431 972 2495 effrenem
986 2438 1162 2495 tantorum
1174 2411 1303 2450 'mmm'

212 2532 389 2615 impetum,
418 2531 495 2615 qui'
512 2553 549 2598 se
585 2531 728 2597 interibs
744 2587 745 2590 ,
762 2533 1003 2611 recluserant,
1024 2533 1162 2597 minime

212 2633 423 2710 sufferentes,
439 2633 528 2697 datis
543 2634 680 2698 tandem
697 2632 830 2697 dextris
846 2632 1026 2695 castellum
1049 2631 1162 2696 reddi-

214 2730 349 2799 derunt.
401 2733 613 2798 Exhilaratis
639 2732 785 2815 denique
809 2732 894 2808 suiS,
910 2733 982 2814 qui,
1005 2731 1161 2814 plurimis

213 2831 249 2894 in
259 2831 465 2897 Glaornensi
486 2829 664 2915 provincie
680 2832 831 2896 castellis
846 2830 1161 2908 erectis,'latissime

213 2931 362 3014 patriam
376 2933 585 3009 invaserant,
601 2933 645 2996 ad
658 2931 844 3014 Hugonem
856 2932 972 3012 Bigot,
985 2931 1164 3014 inquietis

213 3032 338 3096 simum
355 3033 453 3114 regni
476 3032 710 3097 adversarium
732 3031 897 3096 tetendit:
928 3032 988 3114 qui
1005 3033 1065 3095 ubi
1090 3033 1160 3114 pri-
1173 3057 1265 3106 Stephon
1275 3067 1322 3107 pn

214 3131 307 3194 mbm
324 3133 478 3216 percepit
496 3153 613 3214 regem
630 3133 665 3195 in
685 3131 894 3195 Glaornensi
916 3129 1094 3213 provincie
1115 3132 1159 3195 ad
1172 3110 1313 3206 munizi

213 3232 436 3308 ohsidionem,
464 3239 504 3295 ut
533 3232 627 3295 sama
655 3237 741 3307 erat,
769 3228 1006 3294 offirmandam
1028 3231 1159 3312 digres—
1172 3207 1242 3256 ⁸¹⁸⁰*

213 3349 301 3408 sum,
313 3330 488 3396 aestimans
503 3350 582 3394 eum
598 3330 726 3395 diutibs
741 3329 789 3393 ibi
805 3330 1067 3406 immorandum,
1081 3349 1160 3392 cum

202 3432 306 3494 ..omni
321 3431 397 3495 se'se
415 3431 459 3496 ad
476 3430 713 3513 praedandum
723 3431 854 3512 impetu
870 3428 962 3493 circa
975 3430 1068 3511 regis
1083 3449 1159 3493 cas·

213 3531 297 3596 tella
325 3531 469 3595 diffudit.
533 3531 600 3594 Sed
629 3551 703 3607 rex,
715 3529 1010 3611 impraemeditate
1039 3549 1159 3611 super·
1171 3553 1279 3604 samem

213 3633 366 3710 veniens
382 3637 494 3696 totum
517 3631 610 3695 illius
640 3649 808 3694 conamen
835 3630 988 3693 virtuose
1011 3631 1158 3710 subegit,
1172 3605 1323 3704 iideissiiiry

212 3725 444 3811 militibusque
462 3731 533 3793 suis
549 3731 626 3793 ali1s
644 3731 766 3810 captis
789 3729 867 3792 aliis
882 3747 1160 3810 quaquaversum
1180 3715 1246 3744 ‘'¹⁰⁰''

213 3829 388 3912 dispersis
418 3829 523 3892 etiam
550 3835 676 3892 terram
707 3826 783 3911 ejus
808 3824 1021 3890 validissima
1041 3832 1159 3893 vasta-

213 3931 306 3994 tione
336 3929 569 4010 consumpsit;
614 3928 791 4009 tribusque
823 3923 885 3990 illi
912 3927 947 3988 in
974 3923 1161 4007 provincie

213 4031 336 4094 erectis
383 4028 548 4105 castellis,
590 4027 649 4090 ubi
694 4027 866 4090 duntaxat
912 4025 1161 4107 frequentiores

214 4128 322 4211 Hugo
352 4129 511 4193 variabat
540 4127 718 4203 decursus
748 4126 897 4209 plurimo
929 4125 976 4189 ibi
1007 4129 1163 4207 tempore

214 4229 424 4312 repausavit,
