3167 5000
523 513 629 561 REGIS
652 514 869 565 ANGLORUM.
1131 504 1176 568 69

220 666 357 751 quidem
375 666 513 733 fortiter
527 688 673 752 semper,
690 678 725 735 et
742 670 962 737 vivacissime
978 693 1094 755 regem
1112 677 1173 740 ad-
1183 692 1304 744 umeros

215 768 358 853 juvans,
372 770 595 851 pertinacem,
614 776 649 834 et
673 770 888 834 inremissum
909 791 987 835 oum
1010 775 1102 855 regis
1117 777 1170 839 in·
1182 743 1341 843 ww

219 869 448 933 sectatoribus
472 869 594 933 habuit
608 868 819 947 conflictum,
835 890 1015 955 quousque
1030 875 1169 939 tandem
1181 842 1262 943 iffi?
1271 844 1335 933 ld*

218 986 241 1031 a
268 968 406 1032 rusticis
431 968 699 1045 circumventus,
716 975 752 1032 et
771 970 816 1032 ab
838 970 996 1035 omnibns
1013 992 1170 1056 compro·
1180 943 1338 1045 iiamiiffl

219 1067 424 1132 vincialibns
441 1069 614 1145 obsessus,
628 1068 732 1132 vellet
745 1068 865 1146 nollet,
874 1071 1018 1135 castello
1032 1071 1170 1150 amisso,

221 1167 265 1230 ab
288 1167 381 1229 omni
397 1165 526 1249 Angliia
544 1166 627 1230 exul
643 1166 845 1231 discederet.
896 1167 965 1233 Sed
987 1170 1030 1233 de
1054 1171 1108 1234 bis
1133 1172 1171 1235 in

219 1266 455 1347 sequentibus.

271 1364 355 1430 Istis
379 1366 442 1430 tali
459 1365 561 1430 modo
578 1366 800 1447 perpetratis,
815 1364 996 1430 Gallridus
1009 1366 1168 1447 Talebot,
1182 1389 1320 1439 Μηνα-

218 1464 317 1549 cujus
341 1466 550 1529 mentionem
576 1464 661 1528 locis
688 1466 894 1547 opportunis
926 1439 1339 1547 praemisimns,i'‹i‘si.¹i}2¹ii·

218 1564 357 1642 milites,
378 1583 467 1647 qnos
489 1584 552 1629 rex
573 1564 611 1627 in
628 1563 877 1627 Heret'ordensi
908 1566 1095 1648 municipio
1117 1588 1167 1631 re-
1181 1537 1333 1629 {iiam

218 1662 379 1744 liquerat,
411 1664 534 1746 patriae
568 1661 776 1741 defensores,
809 1664 934 1747 suique
957 1664 1049 1748 juris
1082 1686 1168 1749 prae·

221 1762 397 1827 ministros
423 1770 458 1827 et
478 1769 625 1838 tutores,
642 1762 800 1827 obsidere
816 1762 977 1828 tentavit.
1024 1763 1167 1846 Ingres·
1180 1783 1329 1834 amm·

220 1880 347 1945 susque
358 1863 394 1925 in
407 1862 614 1945 episcopalis
628 1862 722 1925 sedis
734 1862 973 1944 principalem,
982 1861 1168 1930 Genitricis
1180 1834 1306 1936 Qiissffh
1314 1836 1340 1876 ⁰¹

221 1960 289 2026 Dei
311 1962 505 2039 ecclesiam,
521 1962 676 2044 expulsis
702 1961 931 2026 irreverenter
956 1982 1083 2027 mensae
1102 1965 1171 2028 Dei

219 2061 397 2139 ministris,
418 2069 629 2126 armatorum
657 2068 786 2124 coetum
812 2060 996 2125 temerarie
1020 2062 1170 2141 induxit,

220 2160 428 2244 domumque
451 2162 659 2237 orationum,
679 2166 715 2224 et
740 2160 934 2224 animarum
957 2160 1170 2244 propiciato·

220 2260 309 2323 rium
336 2261 372 2324 in
401 2260 625 2325 dissensionis
647 2259 845 2335 tumultum,
864 2260 900 2323 in
922 2259 1015 2335 belli,
1033 2269 1068 2326 et
1089 2281 1169 2325 san-

221 2360 337 2439 guinis
363 2359 535 2424 convertit
557 2376 742 2423 recessum.
794 2357 881 2421 Erat
911 2357 1067 2440 profecto
1094 2359 1171 2424 bor-

221 2458 376 2538 rendnm,
398 2458 627 2541 omnibusque
651 2454 709 2540 pie
735 2455 964 2521 sentientibus
989 2457 1171 2541 impatien-

220 2558 315 2636 dum,
332 2578 470 2623 cernere
485 2558 578 2635 vitae,
595 2565 631 2622 et
647 2556 771 2620 salutis
787 2556 1022 2621 habitaculum
1041 2559 1078 2621 in
1093 2579 1170 2643 rap-

221 2665 346 2736 torum,
364 2663 400 2723 et
416 2659 619 2722 bellantium
643 2663 878 2738 permutatum
901 2656 1059 2739 azylum3
1088 2658 1170 2722 civi-

220 2758 285 2820 bus
312 2759 439 2842 ubique
461 2754 655 2841 lacrymose
677 2754 972 2838 ejulantibus,ch
989 2756 1072 2837 quia
1091 2776 1170 2820 suo-

220 2875 294 2920 rum
311 2857 546 2922 coemeterium
560 2857 596 2919 in
611 2853 744 2919 castelli
761 2853 1011 2918 sustollebatur
1029 2854 1170 2934 vallum,

140 2983 144 2990 ·
219 2963 471 3040 parentumque
497 2962 533 3019 et
557 2960 787 3036 cognatorum
813 2971 959 3035 corpora
982 2954 1053 3017 alia
1069 2955 1170 3018 semi-

219 3053 426 3137 putrefacta,
454 3055 524 3119 alia
561 3051 797 3118 recentissime
839 3051 995 3130 humata,
1030 3054 1169 3118 crudele

220 3155 469 3237 spectaculum,
490 3155 533 3218 ab
556 3154 625 3217 imo
644 3153 811 3216 videbant
834 3151 1090 3234 incompassive
1116 3173 1171 3216 re-

219 3262 334 3320 tracta
348 3279 357 3328 ;
384 3253 438 3318 vel
456 3251 595 3336 quiade
610 3251 709 3327 turri,
722 3250 814 3313 unde
823 3249 952 3325 dulces,
966 3258 1001 3315 et
1014 3250 1170 3315 imbelles

220 3353 403 3419 audierant
426 3349 738 3416 tintinnabulorum
760 3347 924 3425 monituS,
948 3367 1040 3412 nunc
1064 3349 1170 3413 balis-

219 3460 274 3518 tas
297 3451 396 3534 erigi,
412 3469 503 3514 nunc
528 3449 572 3514 ad
596 3448 731 3529 regales
756 3447 972 3510 damnandos
993 3449 1030 3511 in
1054 3449 1170 3531 palam
1261 3466 1264 3471 ’

218 3560 292 3617 erat
320 3551 465 3615 missilia
498 3547 661 3632 torqueri.
728 3545 908 3610 Galfridus
936 3547 1045 3628 igitur
1077 3549 1169 3630 regis

219 3653 346 3716 milites
377 3650 413 3714 in
447 3648 591 3713 castello
619 3666 684 3712 suo
713 3647 868 3711 reclusos
897 3645 1120 3710 infestissime
1147 3667 1169 3711 a

218 3751 348 3833 templo
371 3767 608 3832 propugnans,
626 3745 686 3811 sed
711 3752 746 3810 et
764 3745 853 3808 Milo
871 3743 1098 3807 Glaornensis
1123 3765 1168 3808 ex

218 3847 289 3914 alia
314 3848 455 3916 castelli.
466 3847 607 3929 regione
635 3841 756 3909 molita
782 3842 961 3907 obsidione
989 3861 1066 3906 cum
1094 3862 1169 3907 ma-

219 3949 328 4013 chinis
344 3967 404 4013 eos
420 3947 641 4012 vehementer
656 3943 862 4026 angustians
886 3989 1070 4007 ......

267 4141 273 4148 -
395 4097 518 4160 Rursus
531 4093 582 4159 lato
597 4091 814 4156 &Morantur
820 4089 909 4175 solio
924 4090 997 4154 dno.

219 4293 226 4309 .
253 4294 259 4308 .
287 4293 294 4310 .
322 4290 330 4309 .
354 4245 454 4308 daret
479 4249 591 4307 totum
619 4239 713 4322 quod
744 4238 939 4321 deliquerat
968 4238 1171 4320 diligentius
