3167 5000
402 463 448 530 16
718 480 833 528 cnsrr
860 481 1052 540 srnrnrnr,

403 636 440 702 iu
466 645 620 717 tempore
639 637 730 717 regis
762 635 905 702 Henrici
932 638 1098 719 potentiae
1124 657 1196 702 suae
1224 638 1367 709 culmen

403 735 645 812 extenderant,
661 744 701 799 ut
718 755 739 798 a
755 735 902 801 Sabrina
919 736 1059 801 flumine
1077 738 1247 820 usquead
1265 757 1359 800 mare

403 855 465 917 per
503 853 622 898 omnes
659 834 744 898 fines
780 834 920 916 Angliae
956 844 992 900 et
1028 836 1202 901 Waloniae
1241 856 1359 900 omnes

403 934 540 1016 placitis
571 933 796 1010 involverent,
830 933 1001 1015 angariis¹
1029 943 1223 1000 onerarent.
1290 934 1358 999 Sed

403 1033 465 1096 illo
490 1033 665 1108 defuncto,
692 1033 773 1095 dum
801 1041 893 1097 metu
923 1034 1015 1115 regis
1038 1034 1206 1116 Stephani
1236 1035 1360 1116 magis,

403 1129 509 1213 quam
531 1130 733 1224 impotentia
757 1133 878 1213 pressi,
908 1135 1202 1215 opportunitatem
1221 1133 1359 1216 quaudo

404 1231 640 1295 dissidentiam
683 1231 876 1294 excitarent
916 1233 1213 1313 praestolarentur,
1258 1234 1359 1296 ambo

404 1331 605 1394 miserandis
628 1329 751 1404 modis,
776 1330 850 1393 sine
872 1332 1086 1411 poenitentiae
1112 1332 1227 1396 fructu
1243 1333 1358 1396 interi-

404 1437 519 1507 erunt3
547 1429 630 1511 quia
647 1429 814 1510 Paganus
835 1429 917 1492 dum
929 1429 1111 1493 Waleuses
1128 1432 1358 1513 persequitur,

404 1530 499 1593 solus
516 1529 607 1593 inter
622 1547 715 1604 suos,
732 1528 855 1591 missili
871 1529 985 1609 capite
1001 1529 1224 1607 transforato,
1241 1550 1359 1594 succu-

406 1629 491 1704 buit,
514 1627 603 1691 Milo
625 1647 708 1691 vero
726 1634 806 1708 post
820 1628 949 1690 multas
970 1629 1259 1710 perturbationes,
1274 1647 1360 1711 quas

404 1734 528 1808 postea
544 1727 632 1808 regi,
657 1733 692 1789 et
714 1745 835 1806 regno,
855 1726 1010 1803 consilio,
1029 1734 1064 1791 et
1088 1734 1180 1804 astu,
1198 1720 1304 1818 (sicut
1324 1728 1361 1790 in

404 1826 692 1907 consequentibus
740 1823 876 1907 plenius
913 1822 1191 1912 declarabimus)
1229 1827 1360 1904 intulit,

403 1925 485 1988 dum
509 1926 620 1990 cervis
639 1924 873 2000 insidiaretur,
897 1944 919 1988 a
940 1925 1065 1990 comite
1088 1933 1209 2006 pectus
1230 1924 1361 2008 sagitta

404 2024 638 2089 transfixus
611 2043 685 2087 srne
700 2022 798 2088 mord
812 2024 951 2087 interiit.

241 2138 261 2177 Α
276 2136 358 2177 nuncil
371 2136 395 2175 ot
456 2124 623 2187 Omnibus
635 2123 743 2204 igitur
758 2125 985 2187 summatibus
1003 2124 1101 2204 regni
1118 2124 1197 2200 fide,
1215 2131 1250 2188 et
1263 2123 1359 2206 jure·
1439 2152 1442 2157 ⁴

240 2187 358 2278 3⁹11le
370 2190 392 2226 ‘t
400 2223 552 2307 jurando
569 2241 646 2288 cum
666 2241 747 2303 rege
762 2223 971 2299 constrictis,
989 2223 1101 2286 edicto
1118 2242 1180 2304 per
1197 2222 1360 2303 Angliam
1439 2261 1442 2266 -

404 2323 635 2405 promulgato,
659 2341 812 2385 summos
838 2323 1058 2385 ecclesiarum
1092 2322 1253 2386 ductores
1283 2341 1361 2389 cum

404 2423 523 2505 primis
550 2419 670 2505 populi
688 2421 731 2484 ad
754 2421 936 2484 concilium
962 2420 1160 2485 Londonias
1181 2421 1361 2485 conscivit.

406 2522 482 2587 Illis
517 2541 653 2603 quoquo
693 2521 792 2602 quasi
835 2522 871 2583 in
913 2541 1016 2585 uuam
1064 2522 1235 2586 sentinam
1277 2522 1359 2585 illuc

404 2621 667 2696 confluentibus,
701 2618 991 2701 ecclesiarumque
1024 2620 1193 2685 columnis
1221 2620 1362 2684 sedendi

404 2722 524 2785 ordine
554 2719 743 2803 dispositis,
770 2720 875 2801 vulgo
904 2721 1007 2784 etiam
1036 2719 1191 2795 confuse,
1222 2726 1257 2783 et
1286 2739 1361 2801 per-

404 2822 556 2897 mixtim,
584 2828 624 2882 ut
665 2820 766 2895 solet,
798 2819 925 2901 ubique
951 2838 989 2881 se
1022 2819 1212 2899 ingerente,
1260 2820 1362 2901 plura

404 2937 513 2999 regno
544 2924 580 2980 et
613 2918 766 2981 ecclesiae
798 2917 980 2998 protutura
1010 2916 1148 2981 fuerunt
1173 2925 1209 2982 et
1230 2918 1364 2982 utiliter

405 3024 558 3093 ostensa,
576 3023 611 3080 et
637 3015 822 3079 salubriter
848 3023 1071 3098 pertractata.
1124 3017 1178 3080 De
1204 3016 1361 3081 ecclesiae

243 3133 336 3182 Protea·
353 3131 384 3171 ror
404 3116 573 3199 siquidem
591 3122 685 3181 statu
702 3114 737 3177 in
753 3114 876 3179 melius
889 3116 1136 3197 componendo,
1148 3116 1190 3179 de
1206 3116 1360 3199 ejusdem

242 3183 363 3233 tmpvlrong

241 3193 392 3273 triennum
404 3216 564 3280 libertate
585 3213 810 3296 multiplicius
828 3213 1064 3291 restauranda,
1082 3214 1259 3297 splendide
1277 3236 1363 3279 nou·

242 3283 334 3373 titii
405 3316 534 3380 nulla'
524 3336 560 3379 ιιι
588 3314 665 3396 ipsa
687 3314 779 3395 regis
807 3312 994 3396 praesentia
1019 3313 1237 3397 perorarunt,
1268 3332 1362 3378 asse·

405 3422 519 3478 rentes
557 3414 594 3476 in
631 3414 723 3493 regis
761 3413 906 3477 Henrici
943 3412 1116 3495 praecipue
1152 3414 1365 3496 temporibus

406 3513 586 3579 ecclesiam
613 3509 808 3588 vacillasse,
833 3511 994 3575 ancillam
1019 3512 1126 3575 luisse
1141 3512 1309 3595 deJ‘ectam
1328 3519 1364 3579 et

406 3611 657 3686 conculcatam,
673 3609 879 3693 plurimique
904 3611 1080 3676 dedecoris
1101 3611 1237 3695 injuriis
1260 3610 1363 3675 affec·

407 3719 488 3775 tam.
542 3711 707 3775 Pastores
738 3710 863 3774 etenim
888 3710 978 3793 ejus,
1006 3711 1203 3793 spirituales
1231 3710 1363 3775 scilicet

406 3811 512 3875 divini
529 3810 625 3875 verbi
648 3829 872 3891 expensores,
890 3810 950 3891 qui
968 3809 1033 3873 Dei
1050 3829 1176 3874 mensae
1200 3810 1364 3894 conjunc·
1403 3810 1423 3835 ⁹

325 3925 332 3935 ‘
407 3909 476 3974 tius
512 3910 733 3985 assistebant,
770 3909 908 3990 placitis
934 3916 969 3972 et
1008 3909 1142 3989 legibus
1173 3909 1363 3990 implicare,

442 4078 448 4112 ¹
465 4083 473 4110 ‘
479 4081 612 4144 Angaria,’
623 4082 738 4138 Coactio,
752 4084 870 4132 servitus.
897 4085 931 4132 cii
948 4101 1058 4151 αγγαροι
1076 4084 1202 4134 dicuntur.
1240 4083 1282 4135 Cf.
1300 4084 1365 4135 Ges·

406 4153 498 4203 Suidas
518 4153 614 4201 indicat
636 4167 722 4201 vocem
741 4168 798 4201 esse
810 4154 872 4201 Per·
897 4168 951 4204 ner.
959 4154 1037 4203 Thes.
1049 4154 1076 4201 in
1087 4170 1112 4203 v.

405 4223 568 4285 sicam,qnod
581 4222 650 4283 apud
662 4222 720 4270 illos
733 4224 798 4284 regii
809 4237 873 4273 nun-
