3167 5000
241 1838 287 1877 The
296 1837 353 1886 siege

240 1889 318 1927 turned
329 1888 396 1929 latos

240 1938 352 1978 blocksda

406 458 450 523 32
716 476 1052 539 cnsrn'srnruanr,

407 639 536 710 rentur,
548 641 624 698 arte
638 642 672 699 et
687 635 837 717 ingenio,
851 644 991 718 sumptu
1009 636 1045 700 et
1059 650 1162 718 opere
1176 631 1357 714 insudare}

406 739 508 796 nocte
543 733 625 798 verb
662 754 821 819 proceres
859 735 1076 800 excubitores
1116 737 1160 800 ad
1198 738 1353 819 singulos

406 833 541 896 castelli
561 834 736 914 ingressus
759 835 1003 912 observandos,
1017 857 1061 900 ne
1075 837 1198 914 inclusi
1212 838 1255 901 ad
1271 858 1353 901 suos

407 933 669 997 commovendos
691 935 929 1017 irrumperent,
944 954 1031 1000 neve
1049 936 1195 1000 forensis
1210 939 1353 1020 quilibet

407 1050 505 1096 escas
515 1033 576 1108 eie,
588 1033 643 1096 vel
656 1033 826 1098 solamina
837 1033 990 1112 inferret,
1005 1034 1164 1099 sollerter
1177 1037 1350 1102 ordinare:

406 1131 462 1194 die
487 1132 569 1198 verb
604 1141 771 1216 quantum
811 1134 1030 1199 adversitatis
1066 1135 1285 1201 artificiosius
1320 1139 1353 1201 ei

406 1231 594 1310 intendere,
612 1235 735 1316 quibus
757 1233 866 1298 modis
888 1233 1139 1316 competentius
1160 1244 1278 1318 posset
1299 1237 1354 1301 in·

407 1331 556 1408 flectere,
576 1333 764 1398 studiosius
787 1333 979 1416 providere.
1029 1334 1098 1397 Sed
1120 1337 1202 1418 quia
1226 1338 1355 1401 castel-
1428 1354 1430 1357 ·

405 1431 477 1495 lum
502 1433 690 1497 editissimo
719 1452 847 1515 aggere
872 1433 1053 1510 vallatum,
1076 1454 1176 1499 muro
1199 1437 1292 1514 forti,
1317 1445 1352 1500 et

406 1532 514 1595 arduo
539 1533 576 1596 in
602 1533 746 1597 circuitu
771 1532 933 1610 cinctum,
955 1533 1181 1614 inquassabili
1204 1537 1291 1600 turri
1316 1544 1351 1600 et

406 1631 488 1696 forti
512 1631 695 1710 firmatum,
710 1632 903 1697 bominibus
917 1630 1012 1695 duris
1034 1640 1069 1697 et
1082 1633 1221 1700 invictis
1235 1637 1353 1719 opple-

407 1740 492 1809 tum,
507 1752 604 1814 spem
629 1739 702 1796 tam
727 1731 796 1796 citb
821 1732 979 1814 capiendi
1001 1752 1141 1815 prorsus
1166 1735 1353 1812 ademerat,

407 1833 451 1896 ad
475 1832 544 1898 alia
565 1832 664 1914 regni
689 1831 886 1914 peragenda
909 1833 1060 1913 negotia,
1075 1852 1154 1914 quae
1178 1835 1275 1899 illum
1301 1836 1354 1900 in-

406 1939 539 1998 stanter
566 1931 801 2008 stimulabant,
823 1939 1038 2008 convertens‚
1062 1934 1228 2018 majorem
1253 1955 1354 1999 exer-

407 2031 496 2098 citlls
505 2039 638 2114 partem
650 2032 693 2095 ad
707 2051 767 2095 eos
781 2031 986 2096 obsidendos
999 2031 1156 2114 reliquit;
1166 2034 1351 2118 jussitque,

304 2110 319 2128 ⁹
405 2139 445 2196 ut
470 2133 500 2196 si
520 2131 688 2195 machinis
710 2149 769 2194 eos
790 2131 977 2215 subjugare
1002 2152 1072 2196 non
1097 2142 1251 2216 possent,
1265 2155 1352 2217 quo-

241 2934 388 2975 Tbecsstlels

241 2996 251 3025 s
289 2996 301 3025 e
317 2986 379 3025 dred

406 2251 515 2314 usque
544 2231 645 2308 fame,
667 2237 703 2296 et
733 2228 849 2295 inediis
877 2229 1001 2295 defecti
1028 2233 1201 2315 supplices
1231 2236 1349 2300 redde-

406 2338 537 2408 rentur,
559 2331 769 2396 obsidionem
790 2331 1015 2413 protelarent.
1065 2331 1111 2396 Et
1132 2332 1183 2397 illi
1202 2335 1350 2416 quidem,

406 2452 491 2515 rege
516 2431 681 2509 discesso,
709 2430 840 2495 tamdiu
869 2431 1055 2496 obsidendo
1081 2451 1141 2495 ecs
1166 2433 1350 2515 vexarunt,

405 2552 515 2616 usque
526 2533 619 2609 dum,
628 2532 713 2596 cibis
724 2530 970 2608 deficientibus
983 2539 1017 2596 et
1032 2532 1098 2615 ipsi
1112 2533 1351 2600 defetiscentes

404 2631 546 2697 tenendi¹
564 2630 874 2714 impossibilitatem
891 2631 1029 2695 tandem
1043 2630 1243 2698 faterentur.
1280 2636 1353 2701 Sub

405 2731 557 2801 militari,
572 2731 680 2813 igitur
707 2731 901 2795 conditione
936 2731 1115 2795 castellum
1144 2732 1351 2814 deserentes

406 2832 498 2913 regis
524 2832 567 2895 ad
590 2828 655 2895 hoc
678 2850 738 2894 eos
761 2832 987 2914 compellente
1002 2832 1128 2896 virtute
1150 2841 1185 2897 et
1209 2834 1353 2918 imperio

252 2996 288 3025 m
301 2995 343 3025 Μ
381 3013 386 3033 ‚
407 2931 632 2995 tradiderunt.
682 2930 750 2993 Sed
767 2930 897 3011 quantd
911 2937 993 2994 tunc
1008 2930 1217 3011 humiliores
1238 2942 1273 2998 et
1293 2936 1356 2999 de.

239 3036 279 3075 but
287 3036 368 3084 shortly

240 3086 395 3127 caerretanus.

408 3032 607 3112 pressiores,
616 3028 726 3107 tanto,
738 3028 954 3112 aliquantillo
968 3031 1087 3113 elapso
1101 3039 1266 3116 tempore,
1281 3036 1355 3099 ela-

407 3131 512 3195 tiores
546 3138 582 3195 et
607 3128 799 3194 acerbiores
835 3129 1018 3212 adipsum
1046 3132 1227 3197 castellum
1255 3135 1354 3199 rede-

406 3239 518 3308 unteS,
540 3249 613 3296 non
632 3228 744 3293 solum
766 3228 852 3293 illud
878 3227 1135 3311 recuperarunt,
1153 3232 1273 3297 verbm
1299 3236 1355 3318 ip-

405 3350 481 3395 sum
497 3330 687 3412 Rogerium
710 3330 751 3395 de
773 3330 899 3393 comite
914 3329 1068 3406 militem,
1084 3331 1127 3395 de
1141 3331 1248 3396 milite
1266 3353 1355 3416 pau-

404 3449 532 3513 perem,
548 3429 624 3493 Dco
642 3428 770 3513 judice,
790 3428 909 3492 ordine
931 3429 1132 3494 mirabiliter
1154 3439 1354 3497 transverso

405 3526 613 3593 effecenmt²
664 3526 731 3591 Sed
746 3528 789 3591 de
803 3527 857 3590 bis
875 3526 1010 3609 plenius
1023 3528 1060 3591 in
1077 3532 1308 3612 sequentibus.

455 3624 669 3710 Expugnatb
690 3625 1166 3710 deniqueBedefordid,ci1m
1182 3630 1258 3714 jam
1283 3632 1354 3695 dis·

403 3726 529 3793 cordiae
544 3727 646 3791 finem
671 3726 881 3809 impositum,
894 3746 1096 3810 omnemque
1116 3732 1354 3812 repugnantia

441 3878 448 3911 ¹
465 3882 527 3931 This
540 3896 647 3944 passage
659 3882 681 3929 is
695 3882 786 3930 almost
796 3883 869 3929 unin-
892 3881 932 3930 his
947 3881 1011 3930 rank
1028 3887 1054 3931 to
1070 3883 1125 3931 that
1135 3884 1164 3931 ol
1171 3898 1187 3932 a
1202 3884 1273 3945 plain
1286 3901 1356 3934 man-

404 3950 536 4013 telligible.
571 3951 630 3999 Itis
642 3952 801 4013 conjectured
814 3951 869 4000 ibat
892 3955 1005 4012 at-arms,
1017 3952 1067 3999 and
1082 3952 1146 4001 from
1162 3953 1217 4002 that
1228 3958 1254 4002 to
1269 3969 1356 4016 apocr

405 4022 564 4083 Roger·was
590 4020 632 4069 the
654 4034 746 4081 person
767 4021 868 4069 created
892 4033 959 4070 man.
1006 4021 1047 4071 cf.
1059 4023 1144 4084 Roget·
1161 4022 1194 4071 de
1204 4024 1357 4087 Wendover,

404 4091 466 4141 Earl
478 4090 507 4139 of
515 4089 636 4152 Bedlord,
647 4090 698 4137 and
708 4090 754 4139 left
764 4091 790 4137 in
801 4106 868 4139 com·
891 4091 920 4139 ii.
929 4096 991 4151 2213
1008 4091 1102 4141 Chron.
1111 4092 1200 4143 Norm.
1208 4107 1263 4143 au.
1276 4098 1356 4155 11393

403 4161 480 4211 mand
496 4160 531 4222 by
542 4160 584 4209 the
603 4160 682 4222 King,
691 4160 750 4209 who
766 4174 798 4208 on
816 4161 867 4209 los·
893 4161 1014 4211 Nonnan.
1026 4161 1107 4223 Scrip.
1119 4166 1180 4213 977.

403 4232 447 4292 ing
463 4230 505 4279 the
522 4230 600 4279 castle
611 4244 665 4279 was
681 4230 792 4279 reduced
805 4230 866 4278 lrom
