3167 5000
413 489 458 553 34
730 499 846 547 cusra
872 499 1067 572 s'rnrrrrur,

414 663 510 728 illius
552 661 883 726 consummationem
926 659 1162 743 portendebat.
1238 658 1368 722 Decem

416 783 555 847 quoque
570 763 741 837 scissurae,
755 780 843 843 quas
859 758 1047 843 Propheta¹
1058 759 1165 845 jussit
1179 757 1203 823 J
1205 760 1368 823 eroboam'

417 863 550 940 tollere,
564 862 753 927 dominium
775 881 853 925 eum
881 880 986 943 super
999 861 1118 924 decem
1142 859 1253 922 tribus
1271 858 1368 923 babi-

417 971 533 1027 turum
562 969 819 1045 expresserunt.
885 960 1012 1024 Omnia
1039 958 1260 1022 nihilominus
1280 958 1367 1022 Pro-

418 1063 599 1145 phetarum
622 1068 733 1144 gesta,
748 1061 808 1124 sed
832 1068 868 1124 et
889 1061 1028 1142 scriptio
1051 1059 1123 1135 illa,
1148 1079 1228 1141 quae
1250 1077 1367 1122 coram

419 1162 583 1226 Baltasar
597 1161 664 1224 fuit
685 1167 842 1236 exarata,
857 1167 892 1224 et
911 1161 1048 1223 somnia'
1067 1159 1259 1241 patrissui,
1282 1159 1367 1221 nibil

418 1261 525 1339 aliud,
550 1261 616 1325 nisi
641 1281 755 1326 rerum
770 1259 1085 1343 supervenientium
1099 1277 1182 1323 vera
1206 1257 1367 1340 quaedam

416 1369 515 1426 erant
536 1361 719 1444 praesagia,
743 1361 869 1442 quibus
894 1359 1056 1423 mortales
1077 1357 1311 1441 praecognitis,
1334 1365 1369 1422 et

417 1462 494 1526 Deo
519 1460 757 1544 suppliciores,
779 1467 815 1524 et
837 1460 873 1522 in
897 1459 983 1542 ipsis
1012 1458 1113 1522 malis
1138 1457 1259 1522 fierent
1283 1477 1366 1521 cau·

415 1563 532 1625 tiores.
586 1560 669 1625 Non
691 1560 799 1641 igitur
819 1579 874 1623 me
895 1558 1004 1623 lector
1022 1556 1152 1640 rugosa
1173 1555 1284 1622 senne
1306 1557 1365 1622 de·

416 1660 539 1737 rideat,
553 1660 584 1723 si
598 1659 728 1742 polum,
743 1679 846 1742 quem
869 1658 922 1722 his
937 1658 1047 1723 oculis
1061 1659 1097 1722 in
1112 1658 1269 1722 ardorem
1283 1677 1365 1722 con·

417 1779 565 1837 versum,
580 1759 853 1843 densissimaque
875 1757 1042 1840 conspexi
1064 1759 1167 1840 ignis,
1187 1765 1223 1821 et
1245 1759 1365 1822 carbo-

416 1879 498 1923 num
513 1858 643 1924 vellera
663 1859 827 1942 proferre,
847 1857 1017 1922 malorum
1041 1858 1234 1922 futurorum
1260 1857 1365 1921 form-

415 1978 472 2022 am
503 1959 661 2034 dixerim,
686 1958 849 2041 illiusque
877 1957 1057 2022 dirissimae
1082 1957 1201 2040 pestis,
1228 1977 1307 2040 quae
1329 1947 1366 2020 in

417 2055 667 2123 Northumbrii
699 2064 949 2141 consequenter
981 2057 1108 2134 evcnit,
1143 2055 1366 2139 significatio-

415 2177 505 2221 nem.
571 2157 704 2222 Audiat
731 2159 861 2241 itaque,
898 2164 934 2220 et
969 2157 1140 2233 advertat,
1169 2157 1229 2239 qui
1263 2156 1367 2221 ndsse

278 2297 283 2305 -
414 2256 597 2322 desiderat.

250 2377 284 2417 n
285 2378 327 2426 ιι,
338 2381 397 2432 mn,
468 2357 554 2421 Erat
575 2376 638 2421 rex
663 2357 700 2421 in
728 2355 858 2433 Scotib,
876 2377 955 2439 quae
978 2355 1121 2421 confinis
1146 2363 1200 2420 est
1214 2355 1367 2438 Angliae,

247 2429 307 2527 iiosti
306 2432 384 2523 i¹i'¹'‘¹
420 2456 527 2523 fluvio
542 2456 692 2541 quodam
717 2459 820 2522 certis
842 2457 1008 2522 limitibus
1032 2456 1101 2522 duo
1125 2476 1233 2539 regna
1253 2457 1370 2522 deter

248 2533 322 2631 iiii
316 2538 379 2625 ib.
417 2558 580 2635 minante,
593 2577 656 2621 rex
668 2558 818 2641 pectoris
832 2558 1003 2621 mansueti
1004 2558 1367 2640 ,progenitoribusque

247 2633 359 2683 ‘mm'
416 2658 587 2740 religiosis
616 2666 770 2735 exortus,
794 2666 830 2722 et
857 2658 933 2741 ipse
950 2657 1048 2742 justo
1063 2658 1201 2723 vivendi
1229 2659 1367 2722 tramite

413 2758 492 2822 illos
521 2778 717 2841 coaequans.
770 2758 856 2837 Iste,
886 2755 1031 2821 crimin
1060 2756 1246 2839 praesentit
1273 2757 1366 2839 regis

414 2856 571 2934 Raurici,
587 2878 666 2921 cum
688 2856 812 2923 ceteris
835 2857 932 2940 regni
949 2858 1189 2934 summatibus,
1203 2856 1273 2921 imb
1289 2878 1363 2921 om-

412 2956 507 3020 nium
530 2956 678 3039 primus⁹
689 2957 917 3041 jurejurando
936 2977 974 3021 se
994 2957 1270 3033 constrinxisset,
1286 2957 1364 3020 nul·

412 3056 496 3133 ium,
512 3055 572 3120 illo
595 3056 787 3139 expirante,
803 3058 869 3121 nisi
884 3065 947 3121 aut
959 3056 1065 3121 filiam
1087 3057 1191 3138 regis,
1206 3064 1267 3121 aut
1286 3057 1363 3142 ejus

412 3155 581 3220 baeredem
610 3156 647 3220 in
677 3155 845 3239 ιθςιιιιιιι8
871 3164 1123 3240 suscepturum,
1147 3156 1366 3222 vehementer

411 3256 559 3321 indoluit
574 3255 787 3340 Stephanum
808 3257 852 3321 ad
867 3257 965 3339 regni
979 3255 1175 3339 Anglorum
1191 3258 1363 3339 guberna·

411 3356 527 3420 culum
549 3358 767 3421 successisse.
815 3356 883 3421 Sed
907 3355 1091 3439 quiaillud
1108 3357 1183 3419 sine
1200 3376 1264 3420 suo
1280 3377 1363 3421 con·

412 3455 508 3519 sultu
523 3455 567 3519 ab
582 3456 668 3537 ipsis
686 3456 874 3521 baronibus
895 3456 1072 3539 provisum
1089 3455 1167 3533 fuit,
1182 3463 1218 3521 et
1233 3464 1361 3534 actum,

413 3562 569 3619 extrema
586 3573 699 3618 rernm
715 3556 891 3636 sapienter
905 3557 1063 3633 metiens,
1079 3554 1123 3619 ad
1141 3575 1243 3638 quem
1260 3556 1363 3620 finem

412 3662 529 3738 coepta
554 3652 767 3732 devenirent,
783 3662 936 3738 tempore
954 3654 1133 3738 aliquanto
1157 3656 1283 3721 tacitus
1302 3676 1365 3720 ex-

414 3756 585 3837 pectabat.
637 3754 790 3819 Tandem
815 3752 894 3819 edm
920 3755 1013 3837 regis
1029 3754 1176 3819 Henrici
1195 3755 1268 3819 filia
1283 3756 1363 3819 lite-

412 3854 459 3917 ris
487 3854 532 3920 ad
563 3874 640 3919 eum
673 3856 787 3919 missis
818 3856 1006 3932 intimaret,
1037 3874 1075 3918 se
1107 3855 1221 3938 patrio
1255 3862 1364 3921 testa·

448 4114 456 4147 ¹
474 4120 486 4165 l
501 4116 536 4163 Ki
527 4131 593 4179 rngs,
606 4117 633 4166 ii.
645 4121 685 4167 29
899 4119 963 4167 cond
976 4123 1001 4168 to
1018 4119 1188 4181 sweurfealty
1199 4123 1225 4169 to
1242 4122 1364 4185 Maritum

445 4183 623 4249 ‘According
652 4192 679 4236 to
709 4188 822 4237 William
849 4189 878 4238 of
899 4193 956 4239 7⁰³.
985 4189 1026 4239 Cf.
1038 4189 1322 4251 RogerdeWendover

411 4257 580 4319 Malmsbury,
591 4258 701 4319 Stephen
711 4273 766 4307 was
777 4258 820 4307 the
835 4273 874 4308 se·
933 4256 1064 4322 Ἠιοςιιο,
1065 4259 1229 4311 'Duchesna
