3167 5000
523 484 629 532 neers
653 484 867 537 nuononnu.
1065 543 1068 547 ,
1129 475 1174 538 95

220 652 287 797 qpe
309 633 489 699 discordiae
511 644 547 700 et
568 636 650 702 belli
671 639 744 701 suis
768 640 1012 722 quoquomodo
1034 640 1173 705 ensibus

221 755 243 800 a
267 752 407 814 augere.

213 860 215 868 v
273 831 442 897 Omnibus
466 833 604 917 igitur
594 855 630 899 m
652 835 694 900 eb
715 837 867 919 regionis
889 845 989 919 parte
1013 840 1172 905 comitem
1185 861 1296 910 nenne

221 932 456 1013 sequentibus
496 934 592 998 solus
625 934 801 999 Henrious
831 937 875 1000 de
891 938 1049 1016 Traeeio,
1082 940 1174 1003 vires
1185 912 1312 1001 ιῖιιὛιιῖ

221 1032 314 1113 regis
347 1032 526 1109 roborans,
549 1033 784 1098 inflexibiliter
815 1037 974 1100 omnibus
1003 1038 1173 1113 resistere,
1185 1020 1270 1109 ἳιῗιῖο
1258 1010 1324 1050 ⁰⁰¹¹

222 1130 350 1195 bellum
376 1131 589 1209 intestinum,
621 1134 883 1215 congressiones
908 1134 1066 1199 assiduus
1096 1155 1175 1199 eum

223 1229 429 1293 adversariis
452 1248 566 1311 egere,
586 1250 664 1296 cum
690 1232 837 1313 singulis
864 1233 993 1315 ubique
1017 1236 1174 1299 commit·

224 1334 307 1403 tere,
339 1347 520 1410 quousque
552 1330 709 1394 omnibns
739 1337 912 1414 protervae
935 1333 1174 1397 insectationis

222 1425 314 1490 illius
329 1427 591 1508 importunitate
612 1429 700 1511 pene
716 1428 864 1506 efflictis,
881 1450 1002 1513 pacem
1024 1451 1104 1495 cum
1124 1433 1174 1495 eis

223 1525 265 1589 ed
281 1532 417 1607 tempus
434 1535 589 1592 statuere
604 1529 767 1604 decrevit,
783 1530 899 1610 quoad
921 1536 958 1593 et
972 1549 1036 1594 rex
1051 1531 1121 1595 illis
1138 1532 1174 1595 in

224 1625 380 1706 pertibus
410 1628 595 1707 potentior,
630 1634 664 1690 et
696 1628 792 1709 regio
831 1628 909 1705 sibi,
934 1629 1017 1693 belli
1045 1629 1176 1694 sedatis

223 1724 428 1788 tumultibus
444 1732 535 1790 esset
550 1724 750 1810 subjectior

274 1822 468 1888 Secundum
502 1824 569 1889 hoe
598 1832 736 1907 tempus
760 1822 958 1888 Willelmus
987 1825 1031 1888 de
1064 1825 1309 1888 Ponteoumuor
1354 1850 1359 1858 ·

225 1919 407 1997 Arearum,
423 1923 487 1999 vir,
503 1930 543 1986 ut
565 1923 711 1987 relatum
727 1930 792 1998 est,
810 1924 885 2004 regi
902 1923 1069 2000 Henrieo,
1087 1925 1175 1987 suis-
1188 1893 1317 1982 ffld

225 2039 293 2101 que
316 2022 486 2101 postumis
513 2021 744 2097 fidelissimus,
774 2022 1015 2102 gravissimum
1044 2024 1080 2085 in
1106 2022 1175 2085 fra·
1187 1991 1226 2080 iria
1223 1992 1344 2090 aladii

225 2126 314 2183 trem
351 2121 455 2201 regis,
492 2121 710 2203 episcopeum
732 2120 1011 2185 wintoniensem
1047 2120 1177 2185 dissen·
1190 2090 1289 2132 mmm
1289 2093 1328 2129 ‘⁰

225 2217 355 2281 sionem
384 2220 567 2300 promovit.
619 2218 764 2296 Verium,
784 2220 867 2301 quia
894 2220 1075 2301 episcopus
1099 2238 1178 2283 eum

227 2314 413 2381 forabunt
441 2318 664 2391 militantium
689 2335 796 2381 manu
819 2318 955 2380 fortiter
980 2336 1127 2399 semper,
1143 2326 1179 2381 et

226 2415 502 2480 constantissime
525 2415 664 2492 restitit,
692 2434 879 2497 omnesque
910 2416 1002 2479 illius
1032 2423 1177 2479 conatus

227 2533 297 2578 non
318 2513 430 2578 solum
445 2516 586 2592 viribus,
601 2515 661 2579 sed
684 2522 720 2579 et
740 2515 933 2597 prudentiae
955 2534 1028 2578 suae
1050 2515 1177 2578 discre-

226 2613 320 2678 tione
363 2612 500 2692 delusit,
543 2614 717 2678 dominam
747 2633 859 2691 suam,
887 2612 1178 2724 Andegnvensern

226 2712 449 2790 comitissam,
463 2713 602 2795 scriptis
619 2714 789 2793 delegatis
806 2713 1010 2794 postulavit,
1025 2719 1065 2775 ut
1081 2713 1125 2787 ei,
1142 2711 1178 2774 in
1191 2728 1342 2819 ¹¹⁰⁸1ssci¹³¹¹iinm⁰

227 2811 398 2876 auxilium
432 2831 543 2888 suum,
566 2812 751 2898 plurimum
784 2812 997 2893 equestrium
1026 2778 1222 2876 virorumiil
1191 2827 1325 2917 &quoqu

227 2909 442 2991 suffragium,
456 2911 582 2992 quique
607 2911 675 2975 illis
706 2918 871 2992 praeesset
892 2910 992 2973 artis
1007 2909 1178 2973 militarias
1191 2929 1229 2967 u
1191 2881 1335 2976 meinis

227 3001 390 3071 callidum
411 3009 545 3085 ducem,
561 3015 595 3072 et
609 3017 908 3094 propugnatorem
919 3010 1179 3072 transmitteret

230 3106 288 3170 Illi
305 3115 433 3184 eutem,
446 3107 511 3172 viri
526 3108 693 3190 petitione
707 3106 881 3188 suseepti,
897 3105 1082 3171 admodum
1097 3125 1180 3169 con·

228 3206 438 3286 gaudebant,
460 3206 515 3270 vel
537 3206 620 3287 quin
637 3206 790 3286 episcopi
805 3206 896 3269 vires
911 3223 974 3285 per
987 3205 1079 3267 hunc
1096 3203 1179 3267 luei-

228 3303 296 3367 liirs
327 3303 538 3368 edomandas
566 3302 763 3379 credebant,
788 3302 846 3366 vel
877 3303 960 3384 quie
987 3321 1070 3365 suas
1100 3301 1181 3364 hine

229 3410 347 3485 partes
375 3401 548 3486 praecipue
570 3403 753 3465 roboratus
774 3399 1003 3478 confidebant,
1019 3400 1061 3464 ed
1089 3399 1181 3481 quod

230 3521 300 3565 non
333 3500 447 3565 solnm
480 3507 643 3565 constans
675 3507 777 3575 esset,
814 3506 849 3565 et
885 3501 1011 3581 quibus
1040 3499 1182 3563 favebat

230 3598 564 3676 dorsumdurum
587 3600 670 3682 quia
696 3600 787 3676 aeris,
819 3607 854 3664 et
882 3598 1081 3663 divitiarum
1106 3604 1182 3660 erat

229 3699 322 3763 idem
346 3699 601 3763 refertissimus,
655 3697 828 3761 Miserunt
847 3698 968 3777 itaque
988 3697 1146 3760 Robertu
1123 3715 1182 3758 um
1194 3709 1330 3799 nqbertgqq

230 3796 339 3861 filium
356 3796 599 3872 Hildebrandi,
623 3796 735 3860 virum
757 3795 929 3876 plebeium
948 3793 1099 3874 quidem,
1120 3760 1232 3856 sedo·
1233 3812 1277 3849 ou
1382 3789 1387 3796 '

232 3895 371 3960 militari
387 3896 515 3960 virtute
530 3895 770 3976 approbatum,
786 3891 948 3973 quodque
962 3891 1183 3954 militantium

233 3995 362 4072 dorem,
378 4002 413 4058 et
428 3993 573 4076 glorium
588 3992 785 4068 dedecoret,
795 3997 831 4054 et
843 3990 1034 4066 eonsundit,
1051 3989 1184 4071 cupidi·

232 4095 350 4158 narius
374 4093 441 4156 suit
462 4092 566 4168 idem,
587 4092 706 4167 bibax,
722 4098 760 4155 et
774 4089 980 4173 impudicus.
1027 4087 1184 4169 Cumque

232 4211 311 4258 cum
333 4189 457 4258 floridi
476 4192 624 4257 militum
639 4188 780 4256 catervi
796 4189 982 4253 adveniens
998 4187 1183 4268 gretands·
