3167 5000
550 497 655 544 REGIS
678 497 894 545 ausbertum.
1152 486 1195 548 51

233 653 450 717 ¹horationem
466 656 727 721 committerent.
765 654 965 719 Amicorum
979 663 1096 720 tamen
1111 677 1192 721 eon·
1205 675 1354 774 mm

234 752 345 842 saltu,
366 753 437 834 qui,
452 754 533 817 licet
547 755 689 836 perrari,
705 753 826 818 curiali
849 753 1051 836 frequentiae
1066 757 1190 821 intere·
1203 776 1289 816 orum

218 858 326 927 ¹rant,
341 851 407 915 suit
428 853 477 916 eis
501 873 713 934 persuasum,
729 861 764 917 et
787 851 858 916 fixe
883 854 1086 936 injunctum,
1103 876 1189 938 qua·
1200 825 1343 916 iiidgr'ffl'

237 949 329 1012 tinus
349 970 394 1013 ex
410 951 602 1029 inhoneste,
617 951 687 1035 qud
703 952 954 1028 detinebantur,
970 953 1129 1018 custodia
1151 975 1190 1018 se
1224 994 1228 1000 -

236 1049 487 1127 subtrahentes,
517 1051 610 1132 regis
635 1052 806 1115 voluntati
833 1071 878 1114 ex
907 1058 982 1114 toto
1010 1053 1188 1117 satisface-

235 1155 330 1226 rent3
355 1149 503 1213 maxime
520 1150 600 1213 cdm
623 1169 676 1226 ee,
692 1170 770 1232 quae
786 1149 935 1214 Gaesaris
949 1158 1041 1227 sunt,
1058 1150 1187 1216 Caesari

236 1247 305 1309 sint
326 1248 511 1327 reddenda,
538 1257 573 1314 et
603 1248 699 1313 nulla
728 1249 951 1314 commutatio
980 1269 1043 1330 pro
1073 1250 1188 1316 animi

234 1346 279 1408 sit
294 1347 476 1426 ponenda.¹

285 1445 367 1508 Hoc
390 1447 497 1528 igitur
511 1445 665 1523 castello,
681 1446 741 1510 sed
763 1453 799 1510 et
820 1445 907 1522 aliis,
924 1465 1003 1528 quae
1026 1449 1187 1529 possede-
1199 1464 1313 1512 rreum

234 1551 322 1620 rant,
338 1544 373 1606 iu
388 1565 509 1610 manus
531 1548 623 1628 regis
638 1545 850 1622 contraditis,
873 1546 1026 1627 episcopi
1041 1546 1185 1611 humiles
1197 1517 1340 1603 iblil‘tl‘elr

234 1644 453 1722 postmodum
478 1653 513 1709 et
527 1645 691 1727 depressi,
707 1664 910 1726 omnemque
927 1645 1038 1708 inanis
1065 1646 1185 1727 gloria>
1196 1615 1324 1703 11ξέ118ῃά

233 1744 497 1824 pompositatem
519 1746 626 1821 exuti,
641 1743 686 1807 ad
707 1763 762 1806 res
784 1743 1034 1807 ecclesiasticas
1054 1745 1184 1827 simpli·

232 1841 328 1916 citer,
346 1850 382 1906 et
396 1844 624 1908 ecclesiastice
648 1843 871 1924 possidendas
890 1843 1182 1924 regrediebantur,

234 1942 404 2004 concessis
429 1943 515 2024 regi,
537 1943 619 2007 licet
640 1940 732 2024 aegre
757 1948 792 2006 et
813 1940 932 2018 invite,
948 1961 1184 2025 quascumque

233 2038 268 2100 in
283 2041 433 2104 castellis
447 2042 707 2106 recondiderant
721 2059 894 2104 armorum
909 2048 944 2104 et
959 2042 1182 2121 pecuniarum

233 2135 363 2220 copiis,
406 2140 474 2205 His
493 2141 610 2223 itaque
625 2141 688 2204 tali
702 2139 805 2204 modo
820 2140 1010 2221 completis,
1025 2139 1182 2221 inopina-

231 2237 335 2301 bilem
358 2239 432 2320 regi
455 2239 602 2305 fortunae
625 2239 810 2320 contigisse
829 2240 994 2303 ndramur
1008 2246 1182 2317 eventum,

230 2335 310 2400 cdrn
335 2339 406 2402 suis
429 2340 474 2402 ad
501 2341 599 2421 regni
622 2339 803 2403 tuitionem
830 2338 994 2419 impensis
1021 2336 1121 2419 pene,
1149 2347 1184 2401 et

232 2438 410 2501 exhaustis
433 2438 614 2517 thesauris,
643 2439 680 2502 in
704 2438 851 2502 aliorum
876 2437 1012 2501 labores
1033 2442 1105 2498 tam
1128 2456 1181 2498 re-

231 2538 333 2618 pente
356 2538 547 2621 impegerit,
562 2557 709 2620 quaeque
733 2537 777 2600 ad
801 2556 913 2612 suum,
928 2543 969 2599 ut
982 2537 1075 2600 fama
1095 2544 1181 2612 erat,

230 2636 403 2713 damnum,
438 2646 473 2702 et
501 2639 743 2702 detrimentum
774 2635 811 2698 in
839 2635 990 2699 castellis
1019 2642 1183 2715 congesta

230 2736 337 2814 fuere,
353 2737 398 2799 ad
413 2758 513 2801 suum
539 2738 640 2801 modo
663 2736 838 2809 honorem,
854 2742 889 2797 et
902 2732 1094 2815 proficuum
1108 2734 1182 2796 sine

231 2838 322 2898 omni
346 2836 482 2900 omnino
504 2836 622 2899 labore
645 2833 779 2897 indulta
801 2834 946 2896 cessere.
1001 2832 1084 2895 Fuit
1102 2841 1181 2913 post

231 2934 296 2999 hoc
323 2934 477 2998 habitum
500 2936 535 2997 in
555 2932 685 3016 Angue
707 2932 900 3007 concilium,
923 2938 959 2995 et
986 2929 1083 2994 firme
1108 2939 1341 2996 sta-cousensus.

230 3040 355 3110 tutum,
378 3040 418 3097 ut
439 3053 663 3116 quaecumque
685 3033 721 3096 in
745 3030 975 3114 quorumlibet
1000 3031 1305 3112 episeopo-mman-

1191 3097 1249 3135 tlonr
1256 3097 1281 3135 oi
1287 3107 1330 3135 wer

228 3154 304 3195 rum
319 3152 442 3197 manus
463 3133 545 3198 belli
560 3140 683 3210 essent,
699 3151 740 3195 ac
757 3128 927 3196 tumultds
948 3129 1180 3210 receptacula,
1191 3146 1335 3243 maffia?

228 3240 393 3315 tanquam
416 3233 557 3314 propria
570 3233 662 3311 regis
676 3231 751 3311 regi
765 3229 1054 3312 permitterentur.
1109 3226 1178 3290 Ubi
1191 3246 1342 3345 ie‘ffi‘io‘iae

227 3332 331 3395 etiam
355 3350 417 3393 rex
432 3331 475 3395 de
490 3326 684 3406 temerarii,
700 3348 805 3411 quam
826 3328 862 3389 in
883 3327 1062 3408 episcopos
1084 3344 1178 3389 com·
1192 3345 1257 3395 rag.

226 3430 331 3508 misit,
346 3431 524 3495 invasione
538 3428 674 3515 publice
696 3433 889 3504 accusatus
904 3426 1035 3490 ratione
1050 3422 1177 3501 velidi,

226 3537 266 3593 ut
290 3531 436 3613 putavit,
453 3537 488 3593 et
501 3528 630 3593 efficaci
653 3547 691 3593 se
710 3534 746 3591 et
763 3545 845 3591 suos
867 3525 1057 3589 excusavit.
1109 3523 1178 3587 Sed

227 3629 309 3710 quia
334 3631 378 3693 ab
402 3630 494 3694 omni
517 3629 608 3693 clero
629 3628 724 3711 juste
753 3628 942 3708 provisu-m,
970 3632 1005 3688 et
1031 3621 1177 3687 discrete

226 3726 292 3792 fuit
307 3729 543 3813 dijudicatum,
559 3726 655 3792 nullb
669 3727 801 3791 ratione
820 3726 856 3788 in
876 3724 1022 3787 christos
1038 3722 1178 3784 Domini
1190 3739 1235 3778 nu
1245 3739 1303 3788 κίῃς

1272 3800 1339 3829 nance

225 3847 347 3892 manus
369 3847 469 3911 posse
491 3828 683 3905 immittere,
699 3822 921 3890 ecclesiastici
943 3820 1067 3901 rigoris
1082 3817 1176 3881 duri-
1188 3790 1339 3929 {gixtum-

224 3928 308 3991 tiam
323 3927 526 3992 humilitatis
547 3926 759 4009 subjectione
779 3922 938 3997 mollivit,
949 3920 1177 4000 habitumque
1189 3938 1287 3987 urtnopt.

262 4103 270 4134 ¹
286 4104 340 4153 The
352 4104 423 4165 King
438 4100 530 4165 gained
546 4100 690 4162 possession
713 4099 762 4147 tles
781 4096 917 4159 belonging
935 4098 962 4144 to
979 4094 1023 4143 the
1038 4092 1135 4153 Bishop
1153 4091 1182 4139 oi

226 4175 255 4224 ol
262 4174 304 4223 the
317 4174 410 4223 eastles
423 4172 452 4221 of
465 4172 606 4231 salisbury,
617 4170 691 4217 Sher-
717 4167 830 4216 Lincoln.
867 4166 938 4217 Will.
949 4164 979 4213 oi
986 4162 1107 4211 Malmsb.
1120 4165 1177 4210 118.

226 4246 313 4306 borne,
323 4243 492 4304 Malmsbury,
503 4240 554 4289 and
570 4245 621 4289 two
635 4254 691 4289 cas-

1005 4354 1020 4389 u
1030 4345 1047 4389 1
