3167 5000
519 505 624 554 arcis
652 505 868 555 xncnoxuu.
1112 486 1169 554 ,25

219 661 501 744 consumpsisset,
528 667 647 726 tantos
681 679 795 724 rerum
827 660 1026 744 Dispositor
1059 657 1321 724 ‘Deusmmnor

219 762 337 827 volens
366 760 553 826 terminare
583 759 732 836 labores,
761 759 906 824 duorum
933 759 1067 825 castelli
1102 731 1287 843 pu-lllaffl?

218 868 352 925 teorum
377 862 500 926 uberes
524 878 643 936 venas,
659 859 841 943 affluisque
864 878 1032 943 aquarum
1046 859 1169 925 rivulis

218 980 354 1043 semper
369 959 585 1024 destillantes
602 958 688 1024 adad
705 960 906 1037 exsiccavit,
920 967 962 1025 ut
978 979 1057 1043 quae
1072 958 1169 1042 priris

218 1060 262 1124 ad
279 1060 517 1143 quotidianum
545 1059 705 1123 haustum
731 1059 938 1137 hominibus,
954 1058 995 1123 et'
1002 1058 1170 1143 jumentis

219 1159 354 1224 abunde
387 1159 603 1236 suffecerant,
627 1159 688 1223 vix
717 1177 807 1222 nunc
841 1158 885 1223 ad
917 1158 1018 1222 unius
1046 1159 1171 1222 sedan·

219 1259 297 1323 dam
315 1259 407 1323 sitim
432 1257 589 1323 sufficere
611 1257 853 1341 praevalerent.
905 1256 1077 1343 Asserout
1093 1258 1170 1341 qui-

222 1358 301 1423 dam
348 1379 393 1422 ex
433 1357 655 1441 intemperati
696 1357 778 1422 solis
821 1345 995 1423 caloribus
1044 1357 1171 1422 refluas

220 1477 387 1540 aquarum
430 1458 606 1522 scatebras
639 1465 837 1522 contractas
877 1477 965 1536 esse,
1002 1457 1062 1521 alii
1093 1457 1171 1522 flui-

222 1557 374 1622 tantibus
405 1557 441 1620 in
469 1558 601 1622 viscera
633 1563 733 1622 terrae
767 1557 950 1634 meatibus,
974 1556 1093 1640 aliquo
1115 1575 1175 1620 ac-

220 1657 354 1722 cidente
387 1676 481 1734 casu,
511 1657 547 1720 in
566 1657 644 1720 imis
672 1657 829 1721 cavernis
853 1656 1041 1721 occultisve
1070 1663 1171 1720 terrae

220 1757 351 1820 sinibus
366 1764 518 1820 retrusas
542 1756 658 1820 fuisse.
704 1757 781 1838 Ego
802 1763 920 1820 autem
941 1775 1010 1819 non
1031 1754 1065 1818 id
1088 1755 1173 1820 solis

221 1856 348 1932 ardori,
376 1876 444 1920 non
471 1855 567 1920 casui
591 1855 730 1921 cuilibet
747 1856 895 1934 ascribo,
913 1855 974 1919 sed
989 1852 1071 1920 viva
1086 1875 1171 1922 voce

222 1962 407 2038 protestor,
425 1955 577 2020 divinam
600 1955 636 2018 iu
658 1955 772 2038 puteis
797 1955 935 2020 siccatis
963 1954 1084 2018 adesse
1100 1956 1170 2020 vir-

224 2063 343 2131 tutem,
370 2055 463 2137 quia,
492 2055 524 2117 si
550 2054 585 2116 in
614 2061 667 2119 tot
691 2055 861 2119 anteactis
883 2054 1018 2131 seculis,
1039 2051 1118 2117 clun
1136 2062 1172 2120 et

224 2154 355 2221 calores
392 2153 530 2236 plurimi
569 2155 759 2232 extiterint,
792 2174 926 2237 semper
954 2152 1171 2220 inexhaustae

224 2253 486 2330 abundaverint,
509 2273 571 2316 uec
597 2273 699 2330 nunc,
720 2254 786 2318 uisi
809 2251 926 2321 divina
942 2253 1071 2317 virtute
1088 2274 1171 2337 ope-

224 2361 334 2430 rante,
360 2372 471 2434 usque
496 2353 540 2416 ad
565 2372 732 2434 aquarum
752 2352 977 2435 indigentiam
1003 2359 1171 2417 extenua-

223 2460 364 2519 rentur:
387 2452 537 2517 maxime
560 2451 638 2516 cdm
653 2459 688 2517 et
703 2460 783 2518 ante
798 2452 932 2517 castelli
947 2453 1171 2533 obsidionem,

224 2561 259 2618 et
284 2560 364 2636 post
388 2554 497 2635 ipsius
523 2554 641 2617 statim
663 2553 901 2630 redditionem,
923 2572 1025 2637 aquae
1047 2552 1171 2636 largis-

225 2652 309 2717 sime
325 2650 558 2730 exuberarint,
573 2672 760 2735 earumque
784 2652 921 2717 tantum
942 2652 1023 2715 dum
1039 2654 1173 2718 obsidio

225 2752 454 2835 protelaretur
469 2752 605 2817 adesset
626 2752 837 2834 indigentia:
861 2760 901 2817 ut
915 2752 1074 2817 videlicet
1096 2754 1172 2817 sitis

225 2852 407 2935 supplicio,
421 2858 587 2933 tanquam
609 2851 725 2933 aliquo
750 2852 817 2916 Dei
836 2852 998 2934 castigati
1021 2851 1171 2934 flagello,

224 2959 360 3034 sponte,
386 2958 420 3015 et
446 2950 646 3033 suppliciter
671 2959 877 3033 cogerentur
898 2952 1051 3029 reddere,
1078 2952 1170 3034 quod

223 3051 363 3135 injuste,
378 3058 414 3115 et
429 3058 629 3132 arroganter
644 3049 850 3115 videbantur
863 3058 990 3115 tenere.
1076 3096 1080 3106 .

274 3148 386 3233 Aquis
400 3150 507 3231 igitur
521 3150 747 3227 cessantibus,
757 3152 802 3215 ab
816 3151 985 3227 omnibus
998 3150 1042 3214 ad
1053 3168 1170 3215 neces-
1182 3164 1229 3207 The
1239 3166 1338 3216 buison

1143 3252 1150 3265 ,
1181 3226 1218 3257 ere
1228 3218 1320 3257 reduced

224 3250 316 3313 saria
327 3249 510 3331 explenda,
520 3249 563 3312 ad
578 3250 696 3313 vinum
710 3251 969 3329 recurrebatur3
985 3248 1077 3331 quod
1093 3270 1165 3331 qur·
1181 3266 1326 3356 23:503

223 3348 301 3414 dem
329 3349 365 3412 iu
393 3348 490 3412 brevi
523 3347 588 3412 fuit
617 3348 846 3426 exhaustum3
876 3348 958 3411 dum
983 3349 1170 3414 necessitas
1182 3367 1223 3405 se·
1231 3367 1263 3407 or
1271 3369 1329 3407 want

223 3454 374 3529 urgeret,
390 3454 425 3511 et
446 3466 552 3529 panes
566 3448 641 3511 vice
660 3466 761 3529 aquae
780 3448 860 3511 vino
885 3448 1063 3526 conficere,
1079 3456 1125 3527 et,
1141 3450 1170 3514 si
1183 3416 1285 3457 m*

224 3548 284 3631 qui
307 3554 406 3611 erant
420 3546 598 3628 patinandi
620 3546 698 3623 cibi,
713 3547 794 3611 vino
818 3547 939 3612 lixare.
990 3548 1071 3630 Igni
1085 3569 1170 3631 quo·

224 3666 303 3730 que,
330 3654 365 3711 et
390 3646 534 3722 lacibus,
555 3665 642 3729 quos
669 3646 712 3709 ad
736 3646 912 3710 machinas
938 3667 1057 3711 eorum
1072 3655 1171 3712 ustu-

224 3745 358 3823 landaS,
372 3745 429 3809 vel
443 3744 486 3808 ad
503 3745 623 3809 domos
638 3737 901 3821 consumendas,
916 3746 1008 3827 regis
1023 3746 1172 3810 artifices

225 3844 422 3927 prudenter,
438 3852 473 3909 et
495 3844 616 3909 artistd
631 3844 874 3921 immittebant,
890 3863 968 3906 cum
982 3844 1063 3908 vino
1081 3863 1171 3908 sem-

225 3964 285 4027 per
311 3944 497 4009 extincturi
523 3944 760 4021 occurrebant,
781 3961 961 4026 quousque
990 3944 1080 4009 sicut
1108 3965 1171 4010 nec

226 4063 338 4127 aquae,
369 4044 419 4107 ita
446 4062 511 4107 ,nec
539 4043 610 4106 vini
646 4049 782 4123 guttam
819 4062 960 4126 prorsus
995 4042 1170 4111 haberent.

227 4143 329 4207 Unde
338 4149 486 4220 constat,
502 4149 586 4224 potu
595 4140 786 4219 deficiente,
798 4142 1008 4206 multimodis
1020 4163 1080 4207 eos
1094 4163 1172 4226 pas·

219 4243 378 4311 sionibus
401 4242 604 4325 angustiari,
620 4248 654 4305 et
677 4241 719 4305 ad
739 4242 880 4325 singula
901 4261 1047 4325 quaeque
1069 4243 1173 4307 solito
