3167 5000
518 498 624 546 aneis
652 499 873 547 racionem,
923 538 924 542 ,
1127 480 1170 544 41

210 653 320 739 juniis
346 673 533 731 macerare,
549 649 801 737 autsu'ppliciis
823 651 970 718 addictis
990 673 1100 737 usque
1125 657 1170 719 ad

216 755 441 818 novissimum
456 754 682 837 quadrantem
698 753 862 837 quicquid
886 755 1112 837 possederant
1126 759 1171 820 ab

216 853 265 917 eis
297 855 451 936 exigere.
516 855 587 919 Alii
616 861 752 918 tecnam
782 855 1022 936 excogitantes
1050 874 1171 920 versu-

214 954 350 1031 tiorem,
379 955 439 1018 ubi
469 953 597 1036 Anglia
634 954 793 1036 quietior,
823 970 892 1036 pax
931 953 1172 1034 abundantior,

216 1053 364 1135 populus
393 1055 464 1119 otio
491 1061 527 1118 et
551 1054 730 1118 securitati
756 1053 930 1130 acclivior,
951 1054 988 1117 in
1014 1053 1070 1117 die
1095 1075 1171 1136 per·

217 1153 346 1233 tritam,
370 1161 405 1217 et
428 1153 633 1236 populosam
657 1153 749 1217 viam
771 1172 864 1216 nunc
882 1152 961 1229 buc,
975 1172 1067 1216 nunc
1089 1153 1171 1220 illuc

216 1252 394 1333 itinerare;
410 1272 535 1316 nomen
549 1272 661 1328 suum,
674 1271 853 1334 personas,
865 1260 901 1316 et
915 1251 1065 1316 officium
1079 1273 1172 1318 men·
1229 1337 1231 1343 Ι

217 1351 289 1431 tiri3
306 1373 376 1415 non
391 1372 499 1429 arma,
514 1372 584 1416 non
598 1351 784 1416 notabilem
800 1352 969 1429 habitum,
984 1372 1053 1416 non
1066 1352 1173 1437 impia

218 1451 427 1534 modumque
457 1452 661 1515 excedentia
689 1453 797 1515 verba
836 1470 930 1515 more
970 1452 1172 1533 praedonum

217 1551 391 1632 prolerre;
421 1551 480 1615 sed
499 1551 662 1614 humilem
678 1552 824 1626 vultum,
839 1551 1046 1616 mediocrem
1060 1553 1172 1618 inces-

218 1669 304 1726 sum,
322 1651 428 1727 lenes,
440 1652 602 1733 omnique
616 1651 879 1714 mansuetudine
894 1650 1087 1733 permulsos
1101 1671 1172 1716 ser·

219 1768 337 1814 mones
361 1751 587 1833 praetendere,
617 1751 734 1832 sicque
763 1769 801 1813 se
838 1749 936 1813 falsis
972 1752 1173 1816 commentis

219 1869 318 1914 novae
334 1849 516 1914 fucationis
536 1849 734 1932 hypocritas
756 1848 912 1926 reddere,
927 1849 1043 1931 quoad
1062 1869 1173 1934 usque

220 1948 264 2012 de
293 1969 355 2032 spe
383 1947 448 2013 sub
476 1948 615 2013 minime
645 1949 815 2026 frustrati,
845 1949 900 2013 vel
930 1948 1072 2015 divitem
1108 1952 1173 2015 sibi

219 2047 308 2112 forte
323 2056 570 2126 occurrentem,
585 2049 642 2113 vel
664 2049 777 2113 ubivis
800 2043 953 2113 lacerum
975 2049 1094 2113 surtim
1111 2052 1172 2115 ab·

220 2147 341 2225 latum,
361 2149 406 2212 ad
421 2149 528 2212 totius
541 2147 677 2229 Angliae
692 2167 888 2225 novercam,
905 2149 1090 2226 Bristoam,
1113 2150 1176 2214 ad-

220 2247 395 2312 ducerent.
451 2248 521 2312 Hic
537 2255 653 2312 autem
676 2248 839 2313 colorata:
862 2249 1074 2330 deceptionis
1100 2269 1173 2314 mo—
1187 2280 1307 2320 omer

220 2346 297 2424 dus,
312 2347 377 2411 hec
391 2347 614 2430 hypocriticae
639 2347 869 2411 simulationis
883 2347 1098 2429 figmentum,
1112 2370 1176 2432 per
1186 2332 1228 2420 a*
1237 2333 1329 2420 affl}

221 2465 341 2511 omnes
368 2446 440 2511 fere
467 2446 605 2529 Angliae
632 2446 717 2511 fines
746 2446 833 2511 aded
862 2447 1016 2526 inolevit,
1045 2456 1085 2513 ut
1113 2450 1175 2515 vix
1187 2431 1292 2481 mm·

221 2554 314 2611 esset
336 2548 470 2625 civitas,
486 2547 542 2611 vel
561 2548 707 2625 viculus,
729 2548 789 2610 ubi
815 2546 1056 2612 fraudulentiae
1072 2550 1176 2633 hujus

221 2646 420 2711 molimenta
444 2667 514 2713 non
540 2654 752 2724 exercerent,
772 2647 832 2710 ubi
855 2648 1045 2731 turpissimi
1071 2649 1176 2733 hujus

221 2746 390 2811 latrocinii
410 2748 560 2829 vestigia
589 2767 659 2811 non
687 2746 930 2827 relinquerant.
989 2746 1091 2811 Unde
1112 2768 1176 2813 nec

218 2847 326 2927 regiae
348 2848 444 2929 pacis
459 2848 535 2911 vias
557 2844 676 2910 secure
699 2853 739 2910 ut
755 2846 914 2910 solebant
927 2846 1097 2924 incedere,
1113 2868 1175 2913 nec

221 2946 323 3009 homo
346 2965 384 3010 se
399 2946 529 3009 homini
554 2945 699 3010 fidenter
725 2951 765 3009 ut
790 2944 923 3010 solebat
946 2947 1173 3030 concredere3
1205 2984 1208 2991 ·

219 3045 283 3109 sed
305 3046 512 3127 ubicumque
538 3045 627 3109 alter
651 3046 799 3109 alterum
827 3045 863 3107 in
888 3046 1010 3110 itinere
1039 3049 1174 3130 conspi-

221 3146 377 3222 cabatur,
406 3151 501 3208 totus
530 3146 702 3227 protinus·
727 3144 1001 3222 contremiscere,
1030 3148 1174 3211 meticu-

221 3243 294 3307 lose
309 3244 424 3309 visum
447 3243 609 3324 effugere,
619 3244 681 3307 'val
703 3263 812 3325 prope
839 3244 875 3305 in
897 3243 1033 3320 silvam,
1055 3246 1109 3308 vel
1139 3247 1174 3309 in

220 3342 407 3407 divortium
445 3341 596 3424 aliquod,
622 3361 818 3424 usqueque,
843 3350 1020 3425 resumpto
1035 3343 1175 3408 tandem

222 3444 357 3525 spiritu,
367 3442 459 3505 viam
475 3448 625 3524 coeptam
641 3442 748 3507 tutior
766 3448 934 3522 carperet,
950 3450 985 3506 et
1000 3443 1174 3508 audacior.

273 3542 343 3605 Ubi
367 3542 475 3622 igitur
488 3540 582 3605 fama
607 3541 747 3604 auribus
772 3540 865 3622 regis
892 3541 1056 3619 insonuit,
1080 3544 1174 3608 Bris-
1187 3572 1300 3622 meaning

222 3649 358 3705 toenses
382 3647 416 3704 et
446 3641 583 3723 publico
610 3648 723 3723 raptu,
740 3647 775 3704 et
797 3638 1019 3704 clandestinis
1040 3649 1081 3706 ut
1103 3624 1319 3720 dic-fflif'ilw

221 3747 294 3804 tum
318 3748 370 3804 est
384 3740 484 3804 furtis
505 3748 633 3804 terram
654 3737 825 3816 turbasse,
841 3739 922 3802 licet
935 3740 971 3801 in
986 3740 1063 3803 aliis
1077 3745 1175 3822 regni
1186 3724 1338 3812 ililffim

221 3840 375 3921 negociis
390 3840 612 3922 persistendis
627 3839 778 3921 undique
794 3838 1002 3919 pulsaretur,
1017 3857 1063 3902 ex
1082 3843 1175 3905 omni
1187 3820 1273 3861 ³¹¹⁸⁸⁰¹'

224 3937 352 4021 Anglii
374 3937 497 4003 militia
519 3936 722 4014 convocata,
737 3937 838 4019 quasi
854 3936 1029 4001 Bristoam
1055 3940 1173 4004 obses·

221 4058 322 4102 surus
344 4038 530 4121 improvise
547 4039 687 4102 Battam
709 4036 861 4101 advenit.
914 4036 1108 4120 Episcopus
1130 4041 1173 4105 de

222 4138 373 4202 adventu
399 4138 491 4201 illius
513 4138 750 4221 praemonitus,
765 4136 858 4200 foras
878 4136 1051 4201 civitatem
1067 4138 1172 4203 adve-

169 4284 173 4291 -
221 4238 327 4303 aienti
350 4239 511 4303 occurrit.
565 4236 721 4319 Gbmque
743 4256 806 4301 rex
822 4236 933 4319 primo
953 4236 1115 4318 loquendi
1138 4238 1173 4302 in
