3167 5000
534 489 639 538 naurs
663 488 877 538 suenorum
1140 472 1185 539 29

231 647 406 731 insperato
429 646 572 711 nimium
593 648 850 729 obstupescens
872 646 1012 710 adeum
1036 646 1183 730 supplex

233 755 269 812 et
289 748 515 824 miserandus
530 748 732 829 urgentibus
748 747 879 824 amiciS,
895 746 1043 810 advenit.
1096 737 1197 810 Cas?

233 848 316 911 tello
344 847 511 929 siquidem
528 847 716 911 Wihttensi
743 846 840 910 firme
869 853 904 910 et
931 847 1182 928 inexpugnabi

228 945 312 1011 liter
327 945 492 1012 adversus
508 966 625 1029 regem
641 947 784 1022 munito,
799 965 937 1009 mensus
957 952 1009 1009 est
1022 945 1182 1022 sollicite,

233 1047 275 1123 si,
310 1046 596 1129 quemadmodum
632 1064 787 1108 escarum
821 1046 933 1108 inerat
960 1044 1181 1121 abundantia,

232 1146 284 1210 ita
311 1153 346 1210 et
374 1147 417 1210 ad
434 1145 619 1209 hominum
654 1144 920 1208 inhabitantium
953 1145 1180 1227 quantitatem

234 1265 401 1328 aquarum
426 1265 495 1309 non
524 1243 658 1308 deesset
683 1242 896 1306 sufficientia.
959 1243 1027 1306 Sed
1054 1250 1089 1307 et
1115 1243 1181 1307 hoc

232 1364 346 1410 rerum
363 1344 577 1427 dispositrice
597 1344 662 1408 Dei
680 1350 796 1406 actum
816 1349 869 1406 est
891 1337 1120 1425 providentia,
1142 1342 1181 1408 ut
1242 1331 1245 1338 ’

232 1452 268 1508 et
290 1463 390 1526 aquae
412 1441 528 1509 subita
553 1442 815 1526 superveniente
843 1443 1002 1506 ariditate
1028 1442 1180 1507 exsicca·

233 1551 362 1623 rentur,
382 1551 417 1607 et
442 1544 485 1608 ad
506 1542 740 1607 obsistendum
764 1543 839 1623 regi
870 1542 956 1624 ipse,
979 1549 1015 1607 et
1040 1544 1181 1606 commi·

232 1642 331 1727 nistri
356 1643 431 1726 ejus
453 1643 691 1726 desperatione
705 1641 957 1722 frangerentur.
1008 1641 1180 1720 Quocirca
1192 1661 1348 1720 managa„

232 1763 310 1826 quae
335 1742 431 1826 prihs
456 1742 656 1826 possederat
676 1761 795 1823 regem
817 1741 1015 1824 deposcens,
1033 1761 1095 1804 nec
1117 1714 1332 1806 im-illdoffiiw

232 1850 385 1926 patrans,
422 1842 506 1907 exul
539 1841 679 1907 tandem
710 1843 753 1904 ab
779 1838 911 1922 Anglid
941 1840 985 1904 ad
1020 1811 1298 1905 0011111111ιοίΔῘῙῙΟΙΙΙ

233 1941 520 2026 Andegavensem
536 1960 613 2006 eum
629 1941 893 2023 impugnaturus
908 1939 1076 2005 accessit.¹
1111 1941 1180 2005 Co-

234 2061 307 2106 mes
336 2049 452 2108 autem
485 2041 522 2104 in
549 2041 700 2106 adventu
730 2040 824 2103 illius
855 2038 1039 2104 admodum
1068 2039 1182 2104 laetifi-

235 2149 344 2219 catus,
360 2142 569 2206 honoranter
591 2160 669 2203 eum
694 2160 771 2204 cum
797 2141 869 2204 suis
890 2140 1053 2222 suscepit,
1075 2159 1181 2222 seque
1192 2162 1215 2201 ιι
1223 2161 1315 2203 honour.

235 2241 279 2306 ad
294 2241 502 2325 explendum
520 2261 620 2305 omne
635 2241 740 2304 animi
763 2239 817 2303 sui
840 2239 1054 2323 propositum
1079 2259 1180 2322 para·
1192 2213 1343 2303 llllidl‘d

233 2345 308 2406 turn
332 2360 418 2418 esse,
442 2348 479 2406 et
506 2340 763 2405 devotissimum
787 2339 914 2416 aiebat,
938 2340 1011 2403 sive
1034 2340 1071 2404 in
1086 2312 1303 2404 curiadllllol'
1312 2315 1348 2354 ⁸¹¹⁰

235 2439 299 2508 sua
320 2441 556 2520 commilitare,
568 2441 641 2506 sive
664 2440 768 2524 regiae
785 2439 947 2522 dignitati
962 2439 1183 2522 disposuisset
1194 2413 1272 2463 ”m

235 2544 435 2607 obsistere.⁴
501 2621 503 2625 ι

285 2641 335 2706 At
351 2641 555 2718 Baldvinus,
578 2638 724 2705 curiales
746 2639 886 2704 delicias
907 2641 952 2704 ad
975 2648 1111 2723 tempus
1125 2660 1350 2710 as-rnentaaua

235 2761 395 2823 pemeus,
415 2742 458 2805 ad
484 2741 688 2805 discordiam
713 2742 749 2804 in
773 2760 890 2822 regem
915 2741 1179 2825 promovendam
1193 2714 1321 2825 milli

237 2861 274 2906 se
294 2848 493 2906 constanter
511 2838 707 2922 accingere3
732 2840 862 2917 amicis,
879 2847 915 2903 et
939 2841 1097 2922 cognatis
1118 2861 1181 2923 pro
1195 2815 1259 2865 Μ’

237 2942 328 3022 regis
353 2941 572 3005 infestatione
597 2940 781 3023 plurimum
804 2940 979 3022 conqueri,
1004 2959 1043 3004 se
1069 2939 1184 3023 patria

238 3041 387 3123 pulsum,
411 3060 434 3104 a
456 3040 663 3123 patrimonio
694 3039 893 3116 alienatum,
921 3040 1040 3121 fugam
1064 3048 1100 3105 et
1122 3059 1184 3104 ex·

237 3141 334 3204 ilium
358 3140 486 3225 injuste
509 3159 720 3222 perpessum,
748 3140 896 3221 ideoque
926 3140 969 3204 ad
998 3139 1105 3204 solius
1131 3141 1186 3204 sui

238 3241 362 3322 refugii
391 3247 530 3321 portum
560 3240 756 3315 recurrisse,
786 3240 948 3320 quatinus
978 3240 1120 3315 viribus,
1151 3248 1186 3303 et

238 3340 343 3403 armis
368 3358 483 3402 secum
505 3339 692 3415 utentibus,
707 3339 735 3402 si
751 3356 820 3419 quo
835 3338 937 3401 modo
956 3337 1130 3402 fortunam
1151 3339 1187 3401 in

238 3439 360 3502 melius
383 3438 564 3501 immutare
589 3444 742 3520 possent,
765 3438 1014 3520 experirentur.
1066 3438 1113 3502 Et
1137 3438 1188 3502 illi

239 3538 375 3621 quidem
395 3537 616 3601 illustrissimi
631 3537 696 3602 viri
711 3538 930 3619 querimoniis
953 3536 1070 3601 tenere
1096 3558 1188 3602 com-

238 3640 420 3719 patientes
436 3636 521 3701 aded
547 3656 624 3701 eurn
647 3644 737 3714 actu,
761 3644 797 3701 et
816 3637 959 3701 consilio
979 3637 1111 3701 intente
1129 3637 1188 3710 ad-¹

235 3736 414 3821 juvarunt,
429 3744 469 3800 ut
484 3756 561 3800 eum
584 3756 661 3801 cum
683 3736 755 3799 suis
775 3736 812 3799 in
826 3736 973 3818 propriis
988 3737 1190 3817 recipientes

240 3836 402 3913 castellis,
428 3835 557 3900 domini
586 3836 618 3899 ei
647 3836 755 3899 vicem
794 3841 829 3897 et
855 3834 1017 3898 honorem
1045 3853 1090 3897 ex
1115 3842 1190 3898 toto

241 3936 482 4001 concesserint.
536 3933 617 4017 lpse
642 3934 772 4015 itaque,
788 3934 943 4015 plurimis
966 3935 1003 3997 in
1023 3933 1189 3997 auxilium

240 4057 339 4100 suum
354 4035 640 4118 conspirantibus,
655 4036 691 4097 in
713 4031 789 4097 tota
806 4031 1033 4110 Normannid‚
1053 4042 1089 4098 et
1102 4053 1191 4116 prae·

278 4261 284 4290 ¹
303 4263 344 4313 cf.
362 4264 447 4325 Roget
462 4262 495 4311 de
506 4262 657 4325 Wendover,
675 4262 703 4312 ii.
720 4264 778 4310 218.
795 4262 876 4311 lond.
893 4261 981 4322 Sump.
994 4261 1051 4309 Soc.
1065 4262 1136 4309 1841.
