3167 5000
420 474 485 537 124
731 487 846 537 ausen
869 486 1061 547 svnruaur,

417 643 554 707 tendam
581 641 794 725 postulasset
819 641 952 718 offerre,
975 641 1148 723 privatim,
1174 648 1210 704 et
1231 647 1369 722 publice

417 742 488 806 fixe
503 741 769 824 spoponderunt.
823 742 906 805 Rex
919 739 1036 804 autem
1050 740 1168 803 habito
1183 748 1292 822 super
1303 741 1370 819 his,

418 849 455 904 et
470 847 631 921 suscepto
652 840 808 916 coneilio,
827 840 1055 915 commodum,
1072 846 1106 902 et
1129 835 1214 901 utile
1235 840 1312 915 sibi,
1333 851 1372 905 et·

418 958 536 1019 regno,
542 937 776 1020 adjudicavit,
791 946 895 1019 prout
909 937 1152 1019 deposcebant,
1167 938 1371 1018 petitionem

418 1038 610 1150 suscipere3
634 1034 810 1119 quatinus,
825 1056 904 1117 quae
921 1036 1048 1117 regalis
1067 1035 1322 1099 noscebantur
1306 1056 1367 1121 Ju-

257 1156 385 1245 {soffia
418 1137 478 1211 ris,
502 1136 660 1216 receptis,
684 1154 810 1211 comes,
812 1132 930 1199 datis
954 1134 1141 1210 obsidibus,
1167 1135 1307 1215 insuper
1332 1146 1368 1200 et

413 1232 660 1317 jurisjurandi¹
678 1241 906 1309 sacramento,
922 1251 965 1295 ne
982 1233 1057 1313 regi
1075 1233 1235 1314 deinceps
1257 1235 1372 1297 obsis-

418 1333 569 1407 taretin
591 1332 696 1395 curiae
718 1336 903 1413 prospectu
917 1335 1071 1413 peracto,
1089 1331 1134 1395 ad
1155 1333 1209 1394 sui
1233 1339 1367 1395 tantum

419 1428 867 1494 comitatdshoncresliber
882 1429 1093 1493 abscederet.
1364 1444 1369 1449 ’

258 1544 299 1583 ιιι
313 1545 407 1583 truoe-
470 1527 766 1610 Liberatortaque
788 1528 852 1591 tali
874 1526 1223 1604 modocomite,ci1m
1247 1547 1367 1609 pacem

256 1594 407 1691 ww
419 1628 529 1708 sequi,
542 1626 621 1689 cum
636 1625 750 1701 fidem,
764 1644 869 1707 quam
884 1627 1099 1708 promiserat,
1111 1630 1250 1689 servare
1264 1618 1371 1691 debe*

255 1693 290 1731 H
265 1702 360 1781 affirm
349 1731 483 1801 m.,ret
500 1722 653 1787 animum
678 1732 829 1800 secutus,
845 1723 889 1787 ad
907 1743 1004 1787 arma
1025 1721 1233 1799 convolavit,
1248 1723 1370 1807 rupto

420 1842 487 1903 que
511 1824 670 1904 promissi
694 1823 748 1895 sui
776 1822 917 1898 foedere,
942 1831 978 1885 et
995 1820 1189 1905 juramenti
1207 1822 1371 1903 neglecta

420 1921 559 1998 virtute,
575 1921 618 1985 ad
634 1919 871 1984 discordiam
860 1941 897 1985 ιι
912 1939 1029 2001 regem
1052 1921 1303 1998 concitandam,
1318 1938 1369 1999 ιι,

255 2031 387 2119 effla
421 2027 456 2083 et
470 2038 563 2095 suos,
580 2025 776 2083 constanter
792 2019 954 2082 accinxit
1002 2019 1111 2082 Ferus
1126 2019 1323 2097 admodum,
1334 2030 1372 2085 et

255 2130 307 2179 ιιι
420 2118 655 2197 indignatione
664 2117 798 2199 plenae,
810 2116 957 2180 militum
971 2116 1049 2180 sibi
1051 2118 1218 2199 copiame
1231 2118 1368 2183 diverso

420 2216 622 2291 adscissere,
633 2214 798 2296 peditum,
810 2223 847 2278 et
856 2214 1082 2291 yiolentorum
1098 2214 1252 2292 dextras,
1263 2213 1319 2279 ad
1318 2225 1369 2282 te-

420 2316 489 2377 tius
506 2314 629 2394 flagitii
640 2313 868 2383 exercendam
878 2314 1045 2389 malitiam
1059 2316 1245 2396 suscipere,
1254 2324 1366 2397 raptu,

419 2422 454 2477 et
469 2412 640 2486 incendio,
658 2411 836 2489 violentia,
854 2419 889 2476 et
903 2412 1032 2493 gladio,
1048 2414 1189 2475 nuncin
1205 2414 1367 2478 adversa·

419 2514 503 2589 rios,
511 2511 718 2594 quandoque
730 2513 835 2575 etiam
852 2513 888 2574 in
901 2513 967 2574 sibi
981 2513 1244 2589 consentientes,
1258 2512 1369 2595 quod·¹

419 2631 487 2693 que
512 2611 654 2694 maJoris
687 2617 762 2674 erat
791 2610 932 2686 doloris,
963 2611 1170 2692 quandoque
1196 2613 1233 2675 in
1256 2613 1375 2676 eccle-¹.

420 2710 569 2774 siasticee
589 2710 684 2791 pacis
699 2710 942 2792 possessiones,
956 2710 1095 2790 ubique,
1112 2709 1249 2773 crudele
1263 2707 1370 2794 coepit

421 2809 597 2884 desaevire,
615 2816 651 2872 et
665 2808 703 2883 in
717 2807 852 2871 omnem
870 2814 1019 2884 aetatem,
1033 2809 1069 2871 in
1084 2828 1220 2871 omnem
1232 2829 1367 2887 sexum,

423 2906 660 2988 ΗιιοιιιιιιιιιιΙ
685 2906 913 2990 tyrannidem,
938 2906 1173 2970 Neronianam
1193 2909 1367 2972 truculen-

268 3038 411 3069 mcommu-
422 3007 513 3084 tiam,
523 3023 695 3075 exercere.
747 3006 794 3070 Et
809 3007 968 3086 quamvis
984 3007 1029 3070 ob
1046 3012 1099 3079 tot
1115 3013 1151 3070 et
1174 3006 1275 3070 tanta
1290 3027 1370 3090 qnae

256 3089 304 3117 '¹¹⁰⁸
341 3107 346 3118 “
422 3105 659 3169 committebat
680 3104 811 3167 scelera
832 3105 922 3167 nodo
946 3104 1185 3168 anathematis
1199 3113 1289 3180 esset
1314 3107 1369 3170 in-

422 3204 583 3279 nodatus,
599 3220 776 3285 nunquam
797 3205 842 3267 ob
864 3203 930 3267 boc
955 3204 1082 3280 mitior,
1096 3209 1271 3285 nunquam
1295 3203 1370 3269 cui·-¹

421 3304 474 3367 vis
486 3303 690 3386 professioni
699 3303 932 3384 indulgentior
944 3302 1144 3368 habebatur,
1184 3299 1370 3386 Hic,reg1s

420 3401 578 3478 castella,
589 3402 647 3467 vel
674 3402 767 3465 furto
787 3402 1003 3484 interiepere,
1020 3402 1076 3465 vel
1096 3402 1296 3466 violentiam
1314 3405 1366 3467 in-'

419 3501 574 3580 gerendo,
585 3500 797 3582 perfringere
810 3521 819 3578 ;
842 3500 925 3576 illic,
938 3519 1030 3581 nova
1044 3501 1169 3583 raptim
1178 3503 1244 3564 sub
1258 3502 1368 3572 oculis

420 3600 562 3678 erigere,
580 3598 699 3679 sicque
720 3597 763 3660 de
790 3596 861 3662 nna
881 3598 917 3661 in
939 3599 1042 3662 aliam
1064 3595 1370 3682 quamfrequente'r

419 3699 579 3780 patriam,
594 3717 672 3760 cum
686 3695 851 3761 effrenato
873 3699 1041 3775 exercitu,
1054 3698 1249 3763 discursare
1261 3720 1270 3777 3
1294 3721 1366 3764 om-

420 3797 478 3860 nia
492 3798 527 3859 in
541 3795 772 3873 solitudinem,
788 3805 824 3860 et
835 3798 871 3859 i'n
882 3797 1012 3860 nudum
1025 3817 1185 3881 campum
1195 3800 1366 3863 vastando

418 3893 599 3976 redigere.²
650 3893 743 3959 Ante
772 3895 1033 3960 Lincolnensem
1056 3897 1246 3973 civitatem,
1262 3917 1367 3980 quam

417 4014 481 4094 pro
499 3995 553 4057 sui
576 3995 776 4058 liberatione
798 3995 872 4076 regi
892 3995 1096 4072 reddiderat,
1123 3996 1157 4058 in
1176 3993 1367 4077 quinetiam

453 4185 460 4214 ¹
479 4186 518 4237 Ol.
531 4186 632 4246 Trevet,
642 4186 710 4237 Ann.
722 4190 763 4236 2⁰.
891 4184 895 4254 Ι
954 4186 965 4216 ²
982 4189 1023 4239 Cf.
1034 4189 1133 4250 Trevet,
1144 4192 1212 4240 Am.
1224 4194 1254 4238 ut
1264 4204 1321 4250 sup.
