3167 5000
405 454 471 518 106
710 467 825 517 caeru
847 457 1040 526 surenam,

405 636 511 711 toque
529 627 667 692 tandem
689 626 892 709 amplissimi
908 626 1049 689 dominii
1071 587 1279 708 principatu,
1295 645 1357 709 pa-

405 748 481 793 cem
511 728 725 805 simulantes,
754 726 850 807 leges
879 733 915 790 et
944 726 1126 809 plebiscita
1151 727 1280 808 ubique
1304 728 1356 789 in-

401 828 598 912 jungebant
610 848 632 891 :.
653 826 788 899 etliodt
813 827 930 903 armis,
948 832 983 900 et
1004 826 1252 910 depraedationi
1273 846 1358 907 erga

406 929 472 993 sibi
489 926 625 994 tantum
650 926 900 991 consentientes
919 945 1061 1008 parcere
1075 926 1283 1004 viderentur,
1299 928 1356 990 siti

405 1027 699 1093 umenavaritiae
723 1027 931 1104 laborantes,
945 1027 1266 1105 tributisassiduis,
1280 1026 1355 1109 pla-

405 1128 494 1205 citis,
511 1134 547 1191 et
560 1127 712 1209 angariis
728 1145 846 1190 omnes
860 1125 1094 1191 involvebant.

308 1242 394 1332 ipen
456 1227 710 1310 Stephanusm
673 1225 894 1291 hniilominus
915 1225 959 1289 de
978 1225 1127 1308 Magna·
1113 1224 1225 1304 -villa,
1239 1225 1294 1290 vir
1313 1226 1355 1290 il·

361 1304 536 1404 ilustris,
568 1325 794 1407 militarisque
823 1326 1001 1389 industriae
1033 1325 1207 1408 proclivis,
1231 1326 1291 1407 qui
1320 1334 1356 1391 et

406 1432 523 1507 partes
545 1426 680 1490 comitis
702 1423 908 1489 Damnoniae
927 1424 1144 1490 vehementer
1164 1425 1355 1503 attollebat,

406 1525 620 1608 plurimam
610 1545 647 1589 ιιι
668 1544 775 1607 regno
797 1524 1001 1590 discordiam
1024 1526 1215 1602 excitare,
1204 1545 1241 1603 m
1265 1544 1355 1608 prae·

405 1625 516 1707 ruptis
535 1626 688 1689 locorum
711 1625 923 1707 praecipitiis,
946 1624 1005 1688 ubi
1021 1624 1160 1689 vetusta
1182 1631 1279 1702 aetas,
1296 1644 1353 1688 ur·

407 1731 515 1805 gente.
522 1724 737 1799 necessitate,
750 1723 893 1788 castella
902 1722 1047 1801 locarat,
1058 1723 1172 1788 denuo
1184 1744 1354 1807 reparare,

407 1822 595 1887 latissimas
624 1821 891 1905 circumquaque
917 1824 1111 1905 provincias
1141 1824 1206 1886 sub
1236 1830 1353 1906 tyran-

338 1990 340 1993 .
407 1923 497 1989 nidis
516 1943 589 1987 suae
599 1923 688 2008 jugo
706 1922 857 2000 flectere,
871 1923 963 2004 regis
979 1923 1183 2000 fautoribus,
1198 1924 1353 1988 ubicum-

323 2018 326 2023 ’
407 2042 474 2103 que
489 2022 635 2087 vicinius
650 2024 887 2101 occurrebant,
898 2022 1157 2087 molestissimus
1171 2024 1265 2087 esses
1290 2024 1355 2087 Isti

407 2140 537 2200 omnes,
560 2121 622 2186 sed
652 2130 688 2186 et
717 2123 776 2186 alii
801 2123 967 2199 nonnulli,
991 2122 1078 2203 qu'os
1103 2123 1293 2187 omittimus
1319 2124 1354 2187 in

406 2221 568 2303 praesenti
583 2222 809 2299 dinumerare,
824 2241 867 2284 ne
881 2222 1063 2286 taediosum
1077 2222 1206 2303 legenti
1219 2223 1355 2302 ingara·

406 2340 483 2385 mus
498 2321 686 2399 fastidium,
701 2323 834 2403 regiam
853 2328 1061 2403 potestatem
1078 2321 1354 2403 frequentissime

406 2421 635 2487 infirmabant.
687 2420 846 2504 Cumque
862 2422 1108 2485 dissensionem
1122 2422 1158 2485 in
1172 2439 1279 2503 regno
1293 2442 1354 2486 ex·

407 2528 517 2585 ortam
543 2541 633 2586 nuno
661 2541 722 2586 rex
746 2523 836 2598 istis,
852 2542 943 2585 nunc
965 2521 1033 2584 illis
1053 2521 1090 2585 in
1111 2522 1206 2598 locis,
1230 2522 1353 2587 avidus

408 2621 592 2702 mitigaret,
600 2640 717 2687 omnes
732 2621 767 2684 in
779 2640 885 2684 unum
900 2619 1047 2704 repente
1058 2621 1265 2704 conglobati,
1275 2641 1354 2704 pro-

245 2749 287 2838 ιιῦιι
283 2749 371 2839 eppa
408 2721 557 2804 positum
567 2720 660 2786 illius
671 2721 931 2802 vrgrlantrssrmd
942 2722 1134 2786 cassabant
1158 2721 1238 2784 Tali
1252 2723 1354 2787 modo

243 2804 279 2889 ιιῖι
267 2799 332 2890 ἴθ’
338 2799 444 2884 E¹¹⁸'et
455 2821 592 2902 regales
606 2820 776 2902 singulis
765 2841 802 2883 ru
809 2819 947 2902 Angliae
965 2821 1160 2903 provinciis,
1170 2840 1261 2885 nuno
1277 2821 1356 2886 viri·

408 2921 472 2982 bus
493 2919 638 2996 collatis
657 2940 747 2984 nunc
766 2919 903 2984 furtivis
924 2920 1129 2997 incursibus,
1148 2921 1356 3004 ubicumque

408 3018 610 3099 oportunius
621 3018 826 3101 judicabant
841 3019 983 3083 castella
1001 3021 1240 3102 surrigebant3
1263 3021 1354 3086 istis·

393 3137 488 3204 que,
500 3125 536 3183 et
548 3118 617 3183 illis
636 3120 766 3182 mutuis
784 3110 1107 3200 depraedationibus,
1119 3119 1354 3194 alterniscon·

408 3220 564 3283 cursibus
589 3219 654 3283 sihi
668 3219 898 3297 obviantibus,
915 3238 1060 3300 regnum
1077 3218 1180 3303 jubili
1198 3218 1306 3301 priris,
1322 3229 1357 3286 et

330 3401 333 3406 Ι
408 3318 546 3400 quietis
569 3318 826 3400 tranquilitatis,
853 3326 888 3383 et
912 3319 1020 3401 pacis,
1045 3318 1082 3382 in
1107 3319 1294 3398 tristitiam,
1321 3329 1355 3386 et

409 3419 624 3495 discordiam,
658 3419 694 3480 in
729 3418 868 3496 caedem,
908 3426 943 3483 et
974 3418 1203 3482 vastationem
1229 3421 1356 3503 ubique

409 3515 673 3581 commutarunt.
1165 3559 1168 3563 -

247 3635 318 3674 ιιιιι
317 3635 376 3673 mre
447 3616 537 3679 Eo'
528 3635 563 3678 ιιι
588 3622 741 3696 tempore
757 3579 954 3678 Willelmus
972 3613 1013 3676 de
1029 3615 1159 3693 Dovre,
1175 3617 1229 3680 vir
1250 3620 1361 3685 studii
1460 3634 1463 3637 “

245 3687 304 3775 t⁰⁰lr
305 3687 387 3774 ”crin
408 3714 576 3792 militaris,
597 3714 753 3791 callidus,
771 3720 807 3778 et
828 3733 918 3792 acer,
933 3714 1068 3778 comitis
1079 3714 1257 3781 Glaorniae
1274 3721 1356 3784 viri-

246 3787 300 3824 Md
408 3817 473 3880 bus
484 3815 656 3894 suffultus
668 3816 712 3880 ad
724 3814 843 3879 villam
845 3834 946 3897 ‚quae
957 3813 1160 3879 Crrchelada
1171 3816 1331 3897 drortur
1320 3841 1356 3885 m

410 3914 485 3980 loco
500 3915 673 3992 delicioso,
694 3915 869 3996 totiusque
892 3914 1077 3997 opulentiae
1099 3916 1288 3982 abundanti
1311 3921 1357 3982 si-

408 4022 491 4092 tam,
507 4016 659 4094 devenit3
683 4014 942 4097 castellumque,
954 4016 1054 4096 aquis
1068 4034 1116 4092 se,
1133 4024 1168 4079 et
1176 4017 1359 4097 paludibus

409 4116 560 4198 undique
585 4114 848 4198 objectantibus,
863 4116 1089 4193 inaccessum,
1111 4114 1360 4184 ferventissime

410 4216 532 4291 erexit,
550 4214 784 4296 militibusque
802 4215 1044 4298 stipendiariis,
1059 4214 1120 4278 sed
1140 4222 1176 4278 et
1194 4219 1360 4298 sagittan-
