3167 5000
491 488 493 492 ’
535 498 640 546 nnsis
667 458 882 547 succensu.
1115 481 1178 543 129

231 655 416 736 nipulares',
445 674 532 737 quos
566 656 609 719 ad
632 676 732 719 suum
764 656 829 719 sibi
853 654 1029 735 delegerat
1057 654 1178 717 suffra-

230 755 336 834 gium,
367 774 482 818 secum
514 762 554 817 ut
583 762 810 837 proposuerat
837 773 874 816 re
902 798 915 814 .-
936 800 944 814 .
969 800 977 814 .
1003 801 1009 813 .
1035 799 1042 813 .
1070 801 1078 817 .
1103 757 1175 817 vit:

231 852 309 915 inde
324 854 406 935 quia
421 873 483 917 nec
499 854 668 917 auxilium
683 860 859 935 speratum
875 872 897 914 a
910 853 1097 915 baronibus
1112 853 1177 916 sibi

231 952 417 1029 inclinatis,
433 955 476 1016 ob
502 1000 678 1016 ......
702 972 740 1015 ec
764 950 935 1034 stipendia
956 952 992 1014 in
1016 959 1176 1033 promptu

231 1050 357 1114 habere
372 1052 590 1134 potuit,'quae
608 1052 679 1115 suis
696 1051 899 1132 impertiret,
915 1050 974 1131 qui
997 1058 1033 1113 et
1052 1049 1088 1111 in
1103 1069 1179 1113 cas-

230 1149 322 1211 tellis
339 1198 517 1214 ......
544 1158 579 1213 et
599 1149 799 1231 quotidiano
814 1148 975 1212 conflictu
997 1149 1033 1211 in
1054 1147 1176 1211 adver-

232 1249 342 1311 sarios
357 1248 590 1313 decertabant.
1173 1306 1176 1312 .

284 1346 402 1427 Hujus
421 1348 502 1411 mali
518 1367 584 1411 necv
595 1347 765 1410 immeritd
784 1394 961 1410 ......
987 1347 1017 1409 is
1036 1347 1180 1409 circnm—
1191 1365 1310 1413 nonasp-

1191 1416 1245 1463 plies
1255 1420 1277 1452 to
1286 1414 1319 1453 liis

233 1452 355 1509 ventus
369 1446 540 1510 consuluit
551 1453 713 1509 matrem:
737 1444 797 1508 sed
812 1446 900 1526 ipsa,
914 1445 993 1507 aeris
1009 1444 1178 1525 indigens,
1191 1464 1324 1553 3322ng

140 1573 144 1581 ·
233 1564 450 1627 nequaquam
461 1552 595 1608 tantam
607 1544 681 1627 ejus
694 1544 845 1625 inopiam
856 1543 1022 1626 adjuvare
1033 1543 1177 1606 suffecit.
1192 1564 1316 1602 aroucam

236 1642 418 1707 Consuluit
443 1651 477 1706 et
500 1644 708 1707 avunculum
733 1642 909 1705 Glaorniae
929 1642 1101 1718 comitem,
1118 1613 1305 1705 sedllssf‘m‘

234 1742 318 1824 ipse,
328 1742 400 1805 suis
418 1743 565 1805 sacculis
583 1740 683 1805 avide
700 1742 912 1815 incumbens,
924 1741 1026 1802 rebus
1042 1738 1178 1804 tantnm

234 1840 298 1909 sibi
315 1842 516 1905 necessariis
535 1858 714 1904 occurrere
736 1839 869 1915 maluit,
886 1840 1123 1920 omnibusque,
1142 1840 1178 1900 in

234 1940 358 2022 quibus
374 1940 568 2005 confidebat
591 1984 769 2003 ......
798 1938 876 2020 ujus
892 1938 1107 2001 necessitatis
1123 1956 1178 1999 ar·
1192 1951 1317 1991 rumas.

235 2037 342 2102 ticulo
364 2038 612 2114 deficientibus,
630 2038 672 2099 ad
697 2044 901 2111 extremum,
918 2043 957 2099 ut
978 2036 1071 2099 fama
1094 2042 1179 2112 erat,
1193 2026 1340 2123 ffiffi‘*

235 2138 279 2202 ad
296 2156 424 2218 regem,
447 2144 613 2219 tanquam
630 2135 673 2198 ad
695 2142 892 2215 cognatum,
908 2134 1023 2197 missis
1046 2134 1180 2197 occulte
1193 2124 1305 2223 ‘32¹'ssssss

234 2234 371 2315 legatiS,
386 2235 534 2315 benigne
546 2254 635 2311 eum,
650 2241 685 2297 et
696 2233 910 2315 suppliciter,
921 2232 1131 2314 imploravit,
1141 2240 1181 2295 ut

233 2333 470 2415 indigentiam,
483 2332 554 2415 qua
569 2333 799 2415 premebatur,
815 2332 1018 2394 miseranter
1031 2332 1181 2411 respice·

232 2438 297 2509 ret,
315 2437 349 2494 et
363 2438 403 2494 ut
419 2432 601 2514 propinqui
617 2429 796 2512 sanguinis
808 2429 1013 2510 cognatione
1027 2448 1180 2493 connex-

235 2552 305 2608 um,
328 2531 462 2612 sibique
485 2538 650 2611 quantum
679 2531 716 2592 in
742 2548 779 2592 se
809 2536 884 2592 erat
909 2529 1107 2609 benignum,
1124 2528 1180 2610 pie

236 2630 426 2693 exaudiret.
466 2629 609 2692 Talibus
625 2647 686 2691 rex
701 2628 884 2710 perceptis
901 2634 941 2690 ut
957 2634 1033 2690 erat
1046 2645 1182 2708 semper
1194 2645 1289 2696 Stephon

236 2728 495 2809 compassionis,
516 2735 552 2791 et
570 2727 709 2810 pietatis
734 2727 927 2803 abundans,
940 2725 1103 2808 juvenem
1124 2694 1332 2791 ear-illidii.

235 2827 380 2901 audivit,
407 2833 442 2888 et
464 2845 564 2907 quem
589 2826 728 2889 deberet
756 2826 800 2888 ab
824 2825 916 2888 omni
947 2825 1181 2888 subventionis
1193 2795 1319 2883 lllll'l'nl?
1323 2843 1347 2880 or

235 2944 338 3006 opere
353 2925 550 3001 destituere,
567 2931 607 2986 nt
625 2932 707 3005 pote
722 2924 820 3005 regni
835 2924 889 2987 sui
909 2923 1082 3000 aemulum,
1099 2923 1182 2986 sibi·
1194 2894 1317 2934 humma

236 3043 303 3104 que
326 3042 370 3085 ex
398 3030 473 3087 toto
500 3023 694 3100 adversum,
717 3023 831 3086 missis
854 3020 1009 3104 pecuniis
1032 3029 1071 3085 ut
1097 3022 1184 3102 peti·

235 3129 333 3186 verat
351 3128 529 3202 gratanter
544 3121 690 3204 adjuvit.
744 3121 790 3182 Et
808 3121 945 3201 quidem
969 3118 1051 3182 licet
1073 3139 1136 3182 rex
1160 3139 1182 3182 a

173 3261 175 3265 -
236 3219 441 3302 quibusdam
473 3219 509 3280 in
540 3219 604 3281 hoc
633 3225 824 3293 notaretur,
852 3217 944 3299 qudd
975 3235 1042 3279 non
1069 3216 1181 3281 solnm

236 3318 479 3399 imprudenter,
523 3316 592 3378 irnd
636 3323 671 3379 et
716 3315 893 3397 pueriliter
934 3315 1074 3395 egisset,
1121 3317 1181 3397 qui

237 3433 326 3492 eum,
368 3434 469 3497 quem
505 3413 654 3477 maxime
694 3415 853 3496 persequi
892 3414 1050 3488 debebat,
1099 3411 1204 3482 data,

236 3512 394 3596 pecunia,
409 3512 591 3596 tantopere
617 3512 792 3589 fulciebat,
818 3532 884 3593 ego
910 3510 1015 3575 altilis
1037 3531 1126 3587 enm,
1147 3519 1182 3574 et

236 3611 438 3687 consultius,
448 3612 572 3677 'iecisse
594 3612 705 3676 sentio
722 3633 729 3675 :
754 3611 836 3693 quia
852 3609 983 3692 quantd
999 3609 1182 3691 benignius

236 3713 325 3792 quis,
339 3720 374 3775 et
396 3711 587 3786 humanius,
605 3729 642 3774 se
658 3729 741 3790 erga
762 3709 998 3773 adversarium
1017 3709 1182 3784 continet,

236 3809 334 3874 tantd
361 3829 438 3872 eum
464 3817 500 3871 et
525 3808 723 3871 debiliorem
751 3806 874 3881 reddit,
898 3812 933 3868 et
959 3803 1108 3886 amplirls
1133 3807 1182 3868 in-

236 3908 372 3980 firmat;
411 3907 557 3988 ideoque
584 3905 772 3968 secundum
803 3904 1037 3979 Psalmistam,
1071 3903 1182 3966 noluit

235 4007 502 4070 retribuentibus
517 4004 583 4068 sibi
602 4004 694 4067 mala
708 4003 845 4080 inferre,
862 4003 922 4065 sed
938 4009 977 4064 nt
992 4000 1182 4082 Apostolus

237 4105 407 4188 praecipit,
428 4104 531 4167 sicin
552 4105 680 4166 bonum
707 4102 834 4165 malum
853 4101 1045 4176 devincere,
1061 4108 1181 4182 quate-

237 4223 302 4266 nus
323 4223 385 4285 per
406 4205 534 4267 bonum
559 4201 757 4265 adversario
779 4199 866 4264 bend
887 4199 1091 4280 impensum,
1108 4217 1183 4261 car-

1011 4314 1035 4358 u
