3167 5000
528 493 635 542 nners
658 493 872 541 suenorum.
1132 477 1177 541 49

222 648 363 730 phetam
388 648 532 727 inhibet,
548 650 677 727 dicenS,
696 650 838 714 ‘Nolite
861 658 1004 731 tangere
1027 651 1175 715 christos

222 743 339 810 meos!
390 747 467 829 Ego
491 755 606 813 autem
633 748 715 824 fixe,
731 758 766 813 et
786 750 952 813 audacter
970 753 1172 831 pronuncio,

222 843 318 910 nulla
333 847 478 911 celerius
494 846 624 912 offensa
649 849 763 930 ipsum
778 847 892 912 acrius
907 849 1021 912 Deum
1036 848 1172 926 offendi,

136 959 152 975 ‘
222 942 326 1027 qnam
352 947 440 1008 siin
465 946 628 1011 officiales
656 967 783 1011 mensae
811 947 912 1011 Illius
937 949 1101 1012 sacristas
1117 950 1172 1012 vel

221 1044 318 1108 dictu
342 1045 398 1108 vel
425 1045 517 1109 factu
548 1047 719 1128 quispiam
750 1045 912 1110 offendat.
963 1045 1010 1110 Et
1033 1048 1172 1128 quidem

221 1141 283 1207 filii
295 1142 407 1220 Corae,
418 1145 500 1224 quia
514 1165 551 1208 se
565 1144 707 1221 tumide,
721 1153 756 1210 et
771 1152 975 1225 arroganter
987 1147 1021 1208 in
1036 1165 1170 1229 praepo-

221 1244 307 1306 sitos
330 1263 482 1320 erexere,
498 1264 566 1307 non
588 1243 701 1308 solhm
721 1263 743 1307 a
758 1244 835 1307 Deo
850 1245 1036 1325 reprobati,
1052 1244 1114 1306 sed
1136 1252 1170 1310 et

220 1342 291 1405 vivi
321 1342 475 1423 absorpti
504 1343 677 1407 interiere.
740 1342 809 1406 Sed
839 1350 875 1406 et
904 1342 999 1419 Saul,
1024 1345 1106 1424 quia
1134 1346 1169 1407 in

220 1440 362 1504 Domini
381 1441 579 1506 sacerdotes
593 1440 698 1524 impie
713 1441 913 1517 insurrexit,
924 1448 959 1506 et
974 1442 1170 1520 indiscrete,

219 1557 287 1602 non
310 1538 423 1603 schim
448 1541 484 1604 in
513 1541 622 1604 cerdis
649 1541 791 1604 Domini
814 1559 837 1602 a
864 1559 972 1621 regno
1001 1540 1169 1623 dejectus,

219 1637 279 1701 sed
303 1646 340 1703 et
363 1639 454 1702 bello
480 1638 713 1703 crudelissime
729 1640 910 1703 succubuit
930 1640 1167 1722 interemptus.

221 1736 290 1800 His
316 1738 434 1820 paucis
457 1739 501 1802 ad
519 1746 739 1802 contumaces
756 1738 990 1800 ministrorum
1005 1739 1074 1802 Dei
1088 1759 1168 1804 con-

219 1841 405 1919 temptores
442 1837 663 1919 corrigendos
699 1837 878 1919 expositis,
908 1837 952 1900 ad
989 1839 1168 1902 materiam

220 1935 357 1999 tandem
374 1936 564 2000 redeamus.
650 2008 651 2011 Ἴ

271 2034 359 2098 Cum
379 2036 488 2116 igitur
502 2036 654 2118 episcopi
677 2054 754 2098 cum
776 2032 923 2111 summa,
941 2035 992 2099 uti
1013 2037 1167 2117 praemis·
1180 2049 1312 2091 octobr·

1179 2110 1212 2138 en
1221 2101 1246 2139 ol
1252 2103 1289 2141 the

218 2151 294 2195 sum
309 2142 374 2211 est,
389 2135 576 2199 ambitione
602 2135 646 2198 ad
670 2136 800 2198 curiam
815 2135 1069 2211 convenissent,
1086 2136 1167 2198 sub·
1179 2149 1311 2240 &pedm

217 2231 266 2295 itb
290 2233 379 2297 inter
402 2235 626 2316 episcopales,
655 2233 851 2315 militesque
879 2233 1015 2314 regales
1045 2233 1330 2338 exonbppugbrtbe

218 2331 397 2408 seditione,
421 2335 545 2396 comite
576 2332 782 2396 Mellonensi
811 2342 953 2397 versuto
982 2352 1061 2396 cum
1090 2336 1166 2415 qui·
1224 2305 1328 2350 ΗΜ

217 2429 364 2494 busdam
388 2431 464 2494 aliis
486 2432 703 2515 instigatore,
719 2432 778 2514 qui
804 2433 910 2513 regiae
933 2433 1043 2514 partis
1063 2432 1166 2496 coad-

213 2528 351 2611 jutores
376 2533 577 2608 intererant,
604 2539 639 2597 et
666 2532 718 2595 illi
746 2530 931 2613 praecipue,
958 2533 1166 2615 quicumque

217 2628 375 2694 factionis
413 2630 565 2713 praefatae
606 2631 733 2695 conscii
767 2631 984 2707 videbantur,
1020 2634 1167 2714 sumptis

217 2728 332 2803 armis,
355 2728 601 2812 dispositisque
633 2730 840 2810 agminibus,
863 2730 899 2791 in
927 2730 1166 2811 episcoporum

217 2827 452 2909 suffraganeos
474 2830 734 2911 praecipitanter
755 2846 792 2892 se
815 2829 1044 2910 impegerunt,
1073 2830 1166 2893 istis-

217 2945 284 3007 que
308 2929 432 3009 captis,
452 2934 487 2991 et
509 2927 578 2990 illis
607 2926 833 3009 interemptis,
857 2927 1014 3009 plurimis
1051 2936 1167 2992 autem

216 3023 496 3108 quaquaversum
535 3025 701 3108 probrose
730 3026 903 3107 effugatis,
938 3028 1166 3110 omnibusque

216 3144 295 3205 quae
321 3145 437 3189 secum
462 3125 657 3191 detulerant
681 3126 718 3188 in
740 3124 891 3190 hostium
915 3144 1020 3188 manu
1038 3127 1167 3208 ubique

216 3224 356 3301 relictiS,
401 3225 444 3288 ad
476 3244 593 3305 regem
626 3223 779 3299 tandem,
806 3224 905 3305 quasi
942 3223 985 3286 de
1020 3224 1166 3292 inimicis

214 3324 429 3405 triumphati,
453 3323 639 3399 redierunt,
668 3321 879 3403 consilioque
902 3321 1166 3403 malignantium

216 3423 251 3485 in
275 3442 455 3486 commune
478 3421 608 3500 habito,
634 3420 677 3486 ad
707 3422 898 3504 episcopos,
927 3427 1092 3503 tanquam
1121 3424 1165 3488 ad

216 3522 321 3602 regiae
345 3521 537 3605 majestatis
559 3528 828 3603 transgressores
850 3520 1048 3603 capiendos,
1071 3521 1165 3587 facto

215 3640 322 3702 grege
345 3618 587 3686 maturarunt.1
639 3620 685 3684 Et
710 3619 760 3682 illi
785 3619 923 3701 quidem
947 3617 1066 3684 audita
1083 3634 1321 3685 suo-Thessbhor·

216 3740 293 3782 rum
321 3718 488 3802 probrosa
515 3719 735 3802 dispersione,
761 3719 868 3800 fugae,
890 3724 930 3781 ut
957 3718 1050 3782 fama
1079 3684 1315 3832 eratffiffib

217 3819 452 3894 consulebant,
481 3817 560 3883 cdm
589 3838 668 3883 ecce
699 3818 791 3897 regis
820 3816 985 3880 satellites
1014 3816 1165 3899 hospitia
1179 3842 1258 3872 unm·

214 3918 353 3984 illorum
384 3919 506 3982 armati
536 3920 733 3993 subeuntes,
760 3915 1108 3998 Salesbiriensemque
1131 3926 1166 3981 et

251 4151 338 4202 ¹'l'his
360 4152 420 4201 took
438 4153 510 4213 place
531 4155 558 4200 at
569 4150 676 4211 Oxlord,
702 4149 773 4200 Will.
799 4150 828 4197 oi
851 4150 972 4199 Malmsb.
1001 4154 1058 4200 716.
1086 4149 1165 4202 Lond.

216 4225 270 4286 viij.
281 4224 335 4273 kal.
352 4223 428 4283 Julii,
447 4225 479 4271 24
498 4222 575 4271 June.
630 4220 677 4269 See
704 4222 776 4268 1840.

996 4310 1017 4354 u
