3167 5000
526 504 631 552 nurus
654 505 870 555 rucconuu.
1131 494 1177 557 73

221 657 382 723 licentius
405 666 524 741 posset
546 659 686 723 elevari.
738 659 806 723 Sed
830 660 1004 743 quomodo
1026 662 1124 740 illud,
1139 672 1175 729 et

223 777 327 839 qnam
352 758 556 822 mirabiliter
587 759 783 841 contigerit,
806 759 934 824 clarius
963 762 1000 828 in
1027 780 1173 845 sequen·

223 859 315 921 tibus
339 854 629 921 dilucidabimus.1

275 956 388 1039 Capto
412 958 531 1040 itaque
558 976 651 1039 rege,
675 964 721 1034 et,
742 965 782 1022 ut
799 959 1018 1042 propalatum
1044 967 1111 1037 est,
1135 960 1242 1023 insat
1249 986 1273 1021 a

225 1056 400 1120 Bristoam
425 1076 470 1120 ex
488 1055 555 1120 Dei
580 1057 806 1139 dispositione
829 1066 975 1136 retruso,
997 1066 1073 1124 tota
1095 1059 1170 1124 An·
1182 1031 1287 1081 md

223 1155 297 1237 glia
319 1175 488 1220 concussa
516 1156 709 1238 obstupuit,
736 1162 771 1220 et
799 1156 876 1220 aliis
897 1158 1034 1240 quidem
1061 1157 1172 1222 festus

224 1254 309 1330 dias,
336 1262 371 1318 at
397 1274 489 1320 nova
517 1255 580 1319 lnx
609 1256 685 1319 visa
707 1255 802 1332 oriri,
827 1255 909 1323 dnm
936 1276 1000 1339 per
1024 1256 1090 1321 boc
1103 1258 1173 1322 dis·

223 1352 362 1430 cordiae,
392 1361 426 1418 et
448 1354 540 1419 bello
570 1355 671 1417 finem
698 1354 941 1437 imponendum
968 1364 1172 1439 sperarent;

222 1453 300 1516 aliis
317 1452 423 1517 altius
441 1454 670 1518 sentientibus
693 1472 762 1517 non
784 1473 888 1536 posse
906 1462 1051 1532 reatum,
1069 1475 1172 1537 quern

221 1552 255 1615 in
274 1571 389 1633 ragam
407 1559 443 1616 et
455 1554 630 1617 dominnm
657 1552 911 1629 commiserant,
930 1553 1006 1617 sine
1020 1555 1173 1620 maximo

222 1653 332 1733 regni,
360 1659 395 1716 et
419 1671 561 1717 suorum
585 1651 832 1733 impedimento
854 1652 1002 1735 expiari,
1022 1653 1082 1717 sed
1109 1673 1172 1718 nec

221 1750 401 1815 discordia>
419 1751 590 1816 tumultus
607 1758 677 1815 tam
700 1750 804 1815 sacilb
828 1753 1019 1828 terminari,
1038 1753 1172 1816 durnin

222 1852 407 1932 propatulo
433 1860 525 1915 assat
557 1858 593 1915 ct
622 1850 786 1935 majoram
814 1850 911 1932 regni
937 1859 1071 1933 partem
1095 1853 1171 1933 regi

213 1968 260 2013 se
276 1950 475 2029 inclinasse,
493 1957 528 2013 et
550 1948 704 2013 firmiora
725 1950 854 2032 ubique
875 1950 1019 2015 castella
1046 1950 1171 2032 regali-

221 2050 286 2127 bus
303 2049 460 2113 cessisse.
506 2048 618 2128 Quod
633 2056 669 2112 et
690 2049 741 2112 ita
767 2049 955 2130 contigisse
976 2070 1045 2114 non
1061 2050 1169 2114 multo

220 2152 301 2230 post
329 2155 474 2231 experto
507 2148 741 2262 probavimus.
809 2147 878 2212 Sed
910 2155 1027 2213 tamen
1056 2149 1226 2265 maj0rn
1233 2169 1318 2215 rrum

220 2248 320 2329 regni
342 2266 423 2329 pars
439 2247 637 2323 comitissae,
657 2248 798 2330 suisque
816 2267 855 2311 se
875 2248 1070 2312 fautoribus
1083 2267 1165 2311 con·
1176 2217 1301 2315 ruffi

221 2346 320 2410 tinnb
347 2346 540 2423 inclinavit,
573 2353 608 2410 et
640 2345 700 2409 alii
734 2344 871 2428 quidem
905 2366 950 2411 ex
979 2347 1165 2427 regalibus,
1177 2316 1334 2407 clmtll‘ah‘h'

211 2446 346 2513 ¹subitis
374 2444 598 2510 circumventi
621 2444 829 2521 infortuniis,
845 2451 907 2509 aut
928 2446 1166 2529 capiebantur,

221 2555 283 2610 ant
314 2565 358 2610 ex
390 2546 539 2628 propriis
568 2563 646 2608 cum
675 2541 843 2608 violentia
875 2543 1169 2611 detrudebantur:

221 2645 281 2709 alii
298 2642 443 2709 mentita
459 2643 636 2720 citissima,
651 2663 755 2726 qnam
779 2644 853 2724 regi
870 2644 1073 2721 debuerant,
1091 2644 1171 2722 fide,

221 2763 259 2808 se
274 2744 335 2820 illi,
354 2752 389 2809 et
404 2763 469 2807 sua
488 2741 645 2807 ultronea
663 2742 925 2807 contradebant.
977 2743 1168 2807 Hominum

221 2843 377 2925 profecto
388 2843 524 2920 servile,
540 2849 575 2907 et
587 2842 800 2906 teterrimum
812 2860 936 2923 genus,
947 2843 1008 2924 qui
1017 2843 1169 2920 domino,

220 2948 256 3006 et
284 2961 365 3025 rege
393 2941 543 3006 sinistris
578 2940 743 3054 auspiciis
772 2942 919 3022 agitato,
950 2961 1019 3005 non
1051 2948 1168 3006 tamen

219 3043 360 3118 amisso,
377 3040 479 3105 fidam
502 3059 605 3124 quam
632 3040 664 3103 ai
687 3041 919 3123 promiserant
937 3047 1009 3104 tam
1026 3041 1167 3122 repente

218 3139 457 3206 immutarunt.
516 3137 641 3204 Comes
677 3158 827 3222 namque
853 3139 1001 3216 Alanus,
1033 3141 1096 3214 vir,
1127 3147 1293 3246 ntffinpn

218 3239 349 3305 dictum
374 3247 440 3315 est,
460 3240 636 3302 immensae
662 3237 892 3313 truculentiae,
916 3245 952 3302 at
977 3237 1059 3314 doli,
1083 3238 1283 3304 dumanas„

220 3338 338 3403 comiti
361 3335 507 3402 cestriae
535 3335 752 3413 inhonoram,
780 3354 885 3418 qnam
918 3335 953 3400 in
981 3355 1096 3418 regem
1131 3344 1167 3401 et

217 3439 393 3504 dominum
420 3435 651 3512 commiserat,
680 3435 876 3518 captionem
907 3435 1094 3514 ulturus,
1084 3434 1168 3499 msi-

219 3538 294 3602 dias
315 3537 483 3614 tenderat,
502 3533 710 3599 adversariis
731 3533 1015 3617 praevalentibus,
1030 3543 1166 3617 captus,

218 3645 253 3702 et
275 3642 469 3713 catenatus,
491 3634 739 3718 suppliciisque
761 3635 798 3697 in
819 3634 984 3698 carcerali
1004 3635 1167 3716 squalore

218 3737 285 3801 suit
299 3736 480 3814 addictus3
504 3735 613 3798 donec
635 3740 766 3797 coactae
784 3731 1004 3807 humilitatis,
1021 3740 1057 3796 et
1071 3732 1167 3796 vilis-

218 3837 314 3901 simae
331 3834 509 3899 servitutis
534 3832 682 3896 induens
710 3831 892 3905 cervicem,
917 3837 952 3894 et
978 3828 1165 3893 hominium
1178 3843 1329 3934 dogfflpn

218 3937 335 4001 comiti
352 3933 497 3999 Cestriae
520 3932 660 4008 laceret,
678 3937 713 3993 et
728 3928 873 3993 castella
895 3947 958 3993 sna
973 3928 1067 3992 illins
1085 3929 1167 3993 deli·
1178 3943 1304 3984 01an2

254 4103 329 4152 F¹or
339 4117 372 4150 an
392 4106 498 4150 account
514 4100 595 4149 oithe
606 4101 682 4146 inter·
706 4102 783 4157 quent
810 4101 951 4160 treatment,
981 4113 1024 4148 see
1049 4098 1122 4148 Will.
1146 4093 1176 4146 ol

218 4176 284 4224 view
295 4173 324 4222 oi
336 4171 447 4233 scophen
458 4170 520 4219 with
539 4169 581 4218 tlte
598 4169 682 4218 Conn-
707 4166 830 4216 Malmsb.
847 4172 905 4217 rto.

218 4251 270 4294 teas
286 4243 315 4292 ot'
331 4244 426 4304 Anjon‚
448 4239 499 4291 and
523 4239 564 4288 his
591 4239 680 4288 subse·
