3167 5000
398 453 442 516 44
718 465 831 512 casra
859 463 1053 521 sauream,

400 621 478 685 clun
490 641 554 685 nec
567 620 703 698 Comae,
713 640 792 704 spes
802 621 951 696 illorum,
963 626 1066 701 atque
1082 617 1268 699 refugium,
1279 612 1353 680 An·—

399 723 506 802 gliam
522 720 731 798 advenisset,
740 740 852 802 neque
868 720 1095 795 Bristoenses,
1109 724 1250 800 propter
1263 717 1355 797 regis

398 823 561 885 virtutem
579 839 617 884 se
643 819 752 884 multo
772 819 995 901 superiorem,
1016 817 1060 881 ad
1084 816 1355 882 subveniendum

257 943 366 982 mon
399 921 449 984 eis
477 927 618 1003 possent
633 920 808 984 accedere.
861 919 1076 1000 Relinquens
1099 918 1207 999 igitur
1222 915 1355 992 Caritb,

264 1003 310 1032 '¹¹¹⁸
342 1053 364 1082 u.
393 1020 491 1084 datis
521 1019 654 1084 dextris
685 1027 721 1083 et
750 1020 914 1101 acceptis,
943 1019 1133 1081 exercitum
1165 1016 1209 1079 ad
1242 1014 1354 1097 Arpe-

399 1117 523 1183 tream¹
546 1121 727 1195 convertit,
759 1120 818 1182 ubi
851 1125 886 1181 et
918 1117 1100 1181 castellum
1136 1123 1354 1198 praestruere,

400 1219 615 1300 militumque
644 1217 867 1282 sufficientem
897 1217 1032 1299 copiam
1054 1217 1227 1298 imponere
1255 1233 1355 1279 cura·

400 1319 462 1394 vit,
479 1319 546 1380 nisi
569 1317 790 1399 prudentium
815 1317 961 1398 consilio
977 1323 1070 1379 esset
1085 1317 1118 1379 ei
1140 1321 1354 1396 suggestum,

397 1437 446 1480 ex
472 1417 650 1494 militibus,
666 1435 752 1498 quos
774 1417 812 1480 in
835 1414 940 1481 natta
964 1416 1162 1497 reliquerat,
1178 1412 1355 1496 aptissime

402 1523 438 1580 et
453 1515 518 1580 hoc
534 1517 715 1580 castellum
730 1535 877 1597 gravare
899 1533 1020 1597 posse:
1038 1514 1116 1578 ideb
1127 1515 1355 1597 potissimum,

402 1617 485 1697 quia
511 1623 546 1678 et
570 1616 844 1697 interutrosque
872 1634 1027 1678 recessus
1052 1615 1179 1690 brevia,
1202 1621 1238 1677 et
1262 1631 1354 1676 com·-

402 1715 588 1795 pendiosus
606 1721 697 1778 esset
721 1715 908 1791 discursus,
926 1714 1234 1796 sumptuosumque
1249 1713 1355 1777 habe·

402 1820 507 1890 retur,
524 1821 559 1878 et
576 1815 677 1877 nimis
702 1833 896 1890 onerosum,
911 1814 1029 1877 multis
1054 1815 1091 1877 in
1117 1813 1203 1876 locis
1226 1813 1355 1876 multos

403 1913 580 1994 pugnandi
610 1920 645 1977 et
675 1914 854 1977 obsidendi
891 1920 1079 1996 apparatus
1116 1920 1152 1976 et
1189 1913 1355 1977 exercitia

403 2013 526 2075 moliri.
586 2012 668 2077 Alio
686 2012 767 2076 verb
792 2014 829 2076 in
853 2020 1018 2095 tempore,
1035 2010 1115 2076 edm
1134 2012 1241 2095 juxta
1263 2012 1355 2075 idem

403 2111 584 2174 castellum
621 2132 699 2176 cum
731 2110 865 2176 infinita
896 2120 1104 2176 armatorum
1136 2111 1355 2176 multitudine

403 2212 585 2274 transitum
607 2211 797 2288 habuisset,
814 2213 914 2292 quasi
940 2231 1019 2275 cum
1045 2210 1200 2275 exercitu
1222 2211 1356 2274 Bristo·

404 2329 503 2373 enses
528 2311 729 2374 obsessurus
748 2311 1023 2393 progrederetur,
1042 2311 1250 2392 prodeuntes
1274 2329 1355 2374 con·

403 2409 518 2473 sestim
541 2410 732 2487 castellani,
750 2411 940 2474 exercitum
961 2411 1055 2474 illius
1076 2411 1356 2491 insequebantur,

240 2525 361 2615 trapezus
373 2524 392 2564 ¹⁸
404 2508 482 2573 cdm
506 2510 744 2591 retrogradum
767 2530 831 2573 rex
846 2509 1010 2575 citissime
1029 2511 1159 2575 faciens
1176 2510 1355 2587 reflexum,

239 2586 306 2674 pail
326 2586 391 2625 ’Μ’
403 2610 550 2673 liberum
570 2611 668 2692 equis
690 2629 828 2673 cursum
856 2611 901 2673 ad
924 2610 1104 2674 castellum
1125 2610 1358 2686 indulsit,’va·

404 2729 574 2791 cuumque
611 2708 699 2791 pene
737 2711 944 2792 repperiens,
973 2711 1059 2773 istos
1096 2710 1205 2793 portis
1240 2711 1357 2791 ignem

405 2827 589 2890 apponere,
606 2808 685 2871 illos
707 2810 814 2872 muris
831 2810 1009 2873 machinas
1030 2818 1066 2873 et
1088 2810 1202 2873 scalas
1223 2817 1357 2892 aptare,

401 2926 523 2971 omnes
539 2906 622 2971 verb
637 2908 682 2970 ad
702 2908 963 2989 ingrediendum
986 2908 1105 2972 sedule
1130 2916 1167 2973 et
1186 2908 1359 2974 ferventer

401 3007 508 3091 jussit
523 3005 696 3083 insudare,
712 3027 892 3090 quousque
907 3014 1048 3091 captum
1061 3009 1213 3085 tandem,
1228 3008 1359 3091 quippe

406 3104 485 3169 cdm
514 3126 536 3169 a
560 3108 679 3188 paucis
707 3108 941 3184 resistebatur,
971 3109 1135 3173 custodiae
1160 3128 1301 3173 suornm
1323 3115 1359 3173 et

405 3206 630 3287 providentiae
644 3204 796 3270 tradidit.

245 3296 374 3371 The'vtrour
459 3304 651 3369 Castellum
677 3307 824 3389 denique
844 3306 964 3371 Garith
989 3326 1065 3383 rex,
1086 3314 1126 3371 ut
1145 3306 1360 3389 praemissum

244 3374 374 3472 tl‘ldlltil
409 3411 472 3480 est,
497 3404 740 3487 triumphatus,
771 3406 816 3469 ad
849 3406 1004 3470 diversas
1034 3426 1146 3483 curas,
1171 3406 1216 3471 ad
1246 3408 1360 3471 multi-

409 3501 512 3566 moda
526 3504 680 3584 negocia,
698 3523 776 3586 quae
789 3524 852 3587 per
863 3525 981 3568 omnes
998 3526 1077 3569 eum
1089 3505 1229 3587 Angliae
1243 3514 1360 3589 partes

326 3642 328 3649 ·
409 3604 482 3665 sine
496 3603 747 3667 intermissione
761 3603 840 3680 huc,
857 3604 1019 3688 illucque,
1034 3606 1071 3668 in
1088 3605 1227 3670 diversa
1245 3607 1360 3671 trabe-

409 3703 504 3779 bant,
520 3709 672 3766 armatus
688 3722 824 3785 semper
834 3711 869 3767 et
885 3725 964 3768 cum
980 3708 1135 3769 exercitu
1151 3708 1361 3788 properavit.

403 3801 508 3873 ¹Sicut
535 3804 625 3866 enim
662 3802 705 3867 de
742 3801 901 3867 fabulosa
930 3802 992 3868 illa
1021 3804 1186 3869 Herculis
1213 3805 1362 3886 legimus

411 3898 532 3983 hydra,
548 3901 659 3984 cujus,
668 3922 738 3965 uno
755 3911 888 3967 resecto
903 3905 1028 3985 capite,
1040 3904 1109 3968 duo
1123 3905 1179 3968 vel
1194 3905 1363 3987 ampliora

410 4000 683 4077 suboriebantur,
698 4003 758 4081 sic,
781 4010 817 4065 et
835 4002 879 4067 de
901 4004 993 4084 regis
1008 4003 1174 4087 Stephani
1187 4005 1363 4069 laboribus

411 4099 606 4181 specialiter
623 4101 858 4166 sentiendum:
882 4104 975 4184 quia,
991 4104 1233 4186 unoquolibet
1254 4103 1363 4182 finito,

798 4251 806 4283 ¹
825 4254 979 4315 Harpetreu.
