3167 5000
395 500 459 566 132
565 492 576 517 ‘
704 514 817 562 onsrn
844 514 1037 572 srarnnun

398 668 668 751 perturbationis
682 676 717 731 et
734 667 956 731 dissensionis
972 667 1103 730 semina
1120 663 1345 746 multiplicius

400 765 504 849 quam
530 768 672 843 fecerat,
692 774 726 830 et
741 765 908 830 intentius
933 763 1038 848 quam
1060 771 1288 829 consueverat
1310 762 1346 825 in

239 862 389 952 ffissf‘gffi?
401 886 507 947 regno
520 866 683 948 jactaret,
701 866 744 930 ad
760 872 916 929 extrema
930 864 1044 929 subitb
1058 864 1255 939 deveniens,
1272 863 1346 925 sine

239 966 314 1001 ‘'m''
402 966 519 1045 digno,
529 972 568 1027 ut
582 965 690 1041 aiunt,
699 964 912 1047 poenitentiae
925 964 1053 1040 fructu,
1070 960 1254 1025 inBristod
1269 958 1345 1038 sua,

241 1083 263 1121 r·
275 1084 390 1123 sumna
402 1065 540 1127 tandem
562 1063 719 1146 oppetiit.
772 1062 945 1128 Successit
966 1063 1003 1125 in
1026 1061 1227 1125 comitatum
1246 1080 1345 1124 suum

241 1133 267 1181 1„
277 1133 376 1173 ‘vnum‘
405 1162 611 1239 Willelmus,
629 1161 719 1225 filius
741 1172 838 1239 suus,
860 1162 974 1226 senior
994 1160 1129 1242 quidem
1151 1167 1267 1237 aetate,
1285 1159 1346 1223 sed

403 1262 456 1324 vir
478 1260 605 1338 mollis,
626 1268 661 1325 et
686 1260 917 1324 thalamorum
942 1259 1065 1341 magis,
1083 1257 1187 1341 qnam
1214 1258 1346 1321 milities

403 1360 586 1442 appetitor.
654 1358 724 1423 Hic
750 1360 922 1423 tamenin
945 1360 1055 1441 primo
1077 1355 1261 1422 comitatds
1292 1357 1348 1419 sui

401 1458 558 1535 exordio,
574 1458 666 1541 quod
683 1466 810 1540 praeter
825 1458 975 1521 omnium
995 1457 1190 1539 opinionem
1205 1456 1266 1522 vix
1277 1454 1349 1519 und

402 1557 478 1619 vice
495 1557 651 1638 contigit,
667 1558 817 1638 egregiae
834 1556 1017 1639 probitatis
1034 1575 1213 1621 successus
1230 1554 1347 1635 indep-

242 1677 348 1724 nenrya
404 1661 459 1717 tus
472 1656 547 1723 fuit.
601 1654 775 1719 Hem-icus
791 1674 939 1737 namque
956 1654 999 1718 de
1014 1654 1172 1730 Traceio,
1183 1654 1238 1717 vir
1251 1654 1348 1717 belli·

241 1727 390 1835 litfttllt
403 1772 518 1829 cosus,
535 1768 569 1817 et
588 1754 624 1815 in
649 1754 789 1817 militari
812 1753 976 1817 exercitio
994 1753 1268 1835 expertissimus,
1288 1752 1348 1834 qui

240 1827 389 1926 ilffililily.
403 1860 439 1915 et
460 1852 552 1933 regis
575 1853 731 1933 partibus
755 1854 911 1934 parebat,
934 1859 1016 1915 ante
1041 1852 1233 1928 castellum,
1256 1850 1347 1933 quod

405 1949 486 2014 Gari
511 1950 645 2027 dicitur,
670 1958 705 2014 et
731 1952 824 2015 aliud
847 1950 1018 2027 firmabat,
1036 1970 1106 2032 quo
1128 1959 1164 2014 et
1189 1950 1347 2013 comitem

404 2048 580 2112 Glaorniae
604 2069 665 2131 per
681 2048 746 2113 hoc
762 2048 900 2113 facilius
917 2057 1061 2125 arceret,
1080 2043 1143 2136 (et)
1161 2047 1347 2111 diffusioris

403 2147 591 2228 provinciae
608 2148 796 2211 dominium
817 2148 1029 2229 possideret:
1057 2140 1253 2223 eumeces,
1272 2148 1347 2228 ipse

403 2263 530 2322 comes,
557 2245 697 2321 talibus,
720 2242 814 2310 fama
846 2247 1037 2321 intimante,
1060 2246 1243 2328 perceptis,
1269 2264 1346 2307 cum

241 2368 370 2408 neam
401 2342 567 2408 immenso
584 2352 726 2425 repente
743 2345 943 2425 supervenit
960 2346 1127 2421 exercitu,
1141 2345 1346 2425 incoeptum-

240 2417 470 2524 llllidsllih‘que
492 2441 637 2507 Hearici
665 2442 885 2526 municipium
914 2442 1134 2522 fundotenus,
1151 2444 1346 2526 ipsumque,

241 2517 390 2606 „Tlfdlvlll'
403 2560 481 2603 cum
497 2543 569 2605 suis
586 2541 783 2622 inglorium,
800 2543 920 2606 cedere
937 2543 1062 2623 coegit.

241 2663 356 2704 wetere·
454 2640 506 2702 Eo
531 2647 688 2722 tempore
718 2640 910 2706 Walterius
941 2641 984 2704 de
1020 2640 1220 2717 Pinchenei,
1247 2641 1347 2723 cujus

240 2713 390 2811 lltldln
403 2737 562 2820 superins
593 2738 819 2814 meminimus,
850 2739 1057 2802 carceralem
1087 2746 1215 2802 exutus
1243 2758 1347 2821 squa-

240 2813 389 2854 ⁰⁰¹¹¹¹¹¹⁶¹²¹⁸¹¹l
402 2835 522 2913 iorem,
544 2836 668 2901 comite
695 2836 911 2902 Herefordiae
937 2837 980 2900 ad
1009 2837 1075 2904 hoe
1100 2837 1251 2900 maxime
1276 2837 1347 2900 suf·

402 2934 573 3013 fragante,
591 2934 634 2998 ad
655 2954 750 2999 arma
772 2935 885 2999 denub
901 2935 1109 3011 convolavit,
1126 2926 1265 3017 egregio
1284 2937 1346 2999 mi·

240 3057 311 3098 rna.
402 3031 576 3095 litantium
604 3033 707 3113 globo
734 3035 856 3110 ascito,
884 3034 1075 3111 castellnm,
1104 3035 1196 3115 quod
1226 3033 1348 3098 Cristi-

239 3107 326 3198 llllll.
403 3129 502 3194 ciria¹
518 3131 655 3208 dicitur,
673 3130 764 3195 furto
787 3132 1008 3208 subintravit,
1026 3133 1183 3213 aliisque,
1200 3151 1288 3213 quos
1310 3132 1346 3193 in

403 3248 444 3292 eo
460 3238 643 3311 repererat,
665 3230 891 3312 interemptis,
908 3231 986 3294 aliis
1010 3238 1125 3295 autem
1146 3231 1182 3298 in
1201 3229 1346 3294 vinculis

404 3327 621 3410 mancipatis,
638 3329 878 3410 omnibusque,
893 3348 970 3411 quae
990 3329 1256 3412 circumquaque
1272 3328 1346 3392 fue·

404 3434 494 3501 rant,
515 3426 712 3490 avidissime
735 3426 891 3510 direptis,
913 3427 1135 3509 amplissimae
1161 3427 1346 3508 provinciae

242 3541 382 3593 naerens.
402 3523 590 3586 dominium
619 3525 783 3606 possedit.
841 3525 985 3602 Verum,
1012 3524 1090 3588 cum
1122 3525 1261 3589 deberet
1288 3544 1347 3590 ve·

403 3622 485 3684 teris
499 3621 723 3698 crudelitatis,
742 3631 776 3686 et
794 3622 935 3686 malitiae
952 3622 1123 3700 oblivisci,
1139 3643 1181 3690 ne
1195 3624 1346 3704 peccatis

402 3721 620 3801 exigentibus
648 3723 685 3784 in
705 3739 827 3786 manus
849 3720 1123 3786 adversariorum
1147 3721 1271 3786 iteratd
1292 3722 1346 3784 in·

401 3819 540 3895 cideret,
562 3819 654 3882 ferus
685 3820 831 3895 cunctis,
852 3827 887 3884 et
919 3820 1156 3896 intolerabilis,
1185 3821 1346 3896 existere,

400 3917 622 3981 ecclesiarum
661 3919 897 4000 possessiones
935 3917 1149 3983 atrocissime
1187 3937 1345 3999 gravare,

400 4016 533 4080 vicinos
549 4036 704 4099 quosque
720 4016 886 4098 angariis,
903 4025 939 4081 et
955 4017 1128 4082 violentiis
1150 4016 1346 4094 molestare,

770 4248 776 4276 ¹
797 4248 984 4299 Christchurch.
