3167 5000
423 483 468 547 86
741 497 855 545 onem
881 498 1075 557 sunonem,

425 661 503 719 tuto
516 654 712 731 conventio,
728 660 769 718 ut
786 673 880 737 rege,
891 662 926 718 et
945 655 1071 719 comite
1089 672 1298 736 unoquoque
1313 674 1376 736 pro

426 753 537 818 altero
568 753 722 830 redditis,
753 754 798 816 ed
828 754 976 833 priorem
1010 753 1233 817 dissensionis
1269 773 1377 835 punc·

427 859 501 915 tum
524 870 569 916 ex
599 853 735 933 integro
759 852 921 917 redirent.
973 852 1074 916 Dure
1098 852 1248 934 quidem,
1270 861 1305 917 et
1324 854 1372 916 in·

429 950 589 1027 discrete,
609 952 770 1032 omnique
788 952 923 1031 regioni
941 950 1091 1015 offuturu
1116 952 1292 1017 conditio:
1315 952 1376 1015 sed

430 1050 512 1131 quia
537 1050 607 1113 alia
629 1051 762 1131 nequiit
785 1050 830 1113 ad
854 1067 1006 1132 praesens
1028 1050 1124 1132 pacis
1141 1050 1230 1113 inter
1247 1070 1319 1126 eos,
1341 1060 1377 1114 et

430 1147 604 1225 amicitiae,
612 1149 840 1212 intercurrere
855 1150 1049 1226 consensio,
1066 1150 1233 1230 utrisque,
1242 1150 1278 1212 in
1293 1168 1375 1230 pec·

429 1247 522 1310 tione
562 1245 747 1313 statuendi
777 1247 910 1311 tumidd
944 1249 1035 1312 inter
1064 1267 1102 1311 se
1130 1248 1377 1311 dissidentibus

429 1340 597 1426 partibus,
614 1347 755 1428 provise
769 1346 836 1410 suit
853 1346 927 1410 lraec
942 1346 1082 1410 tandem
1102 1352 1137 1410 et
1152 1347 1252 1428 grate
1268 1346 1378 1410 utrin-

267 1465 417 1515 ruonnmt
430 1462 497 1524 que
520 1452 681 1526 suscepta
705 1446 901 1509 conventio.
964 1444 1116 1509 Reddito
1138 1446 1256 1526 itaque
1284 1464 1379 1525 rege,

265 1517 399 1625 {libbi
430 1542 621 1624 splendida,
637 1550 672 1606 et
693 1543 847 1625 gloriosa
870 1545 1123 1607 occurrentium
1148 1545 1328 1619 baronum,
1344 1553 1380 1607 et

267 1615 332 1664 ω’·
429 1642 725 1722 congredientium
741 1641 807 1705 fuit
825 1662 903 1707 eum
923 1643 1088 1706 comitutu
1108 1643 1295 1725 processio,
1315 1644 1378 1704 mi·

430 1739 536 1820 reque
569 1741 682 1822 pietus
713 1741 915 1805 intermixto
948 1759 1027 1805 cum
1057 1741 1186 1823 gaudio
1216 1740 1379 1805 festivum

430 1839 562 1902 cunctis
587 1839 775 1922 tripudium
801 1839 1012 1921 adaugebat3
1039 1840 1122 1903 dum
1143 1840 1214 1916 ulii,
1239 1841 1283 1903 ob
1298 1859 1377 1921 pro·

430 1936 550 2017 pitiem
582 1937 649 2001 Dei
678 1937 895 2001 clementiam
924 1945 1094 2019 potenter,
1119 1947 1154 2002 et
1176 1938 1380 2001 mirabiliter

430 2036 466 2097 in
488 2055 567 2099 eum
589 2044 716 2113 actam,
743 2036 820 2118 pies
842 2037 1080 2113 amicabiliter,
1097 2044 1131 2100 et
1147 2036 1308 2117 religiose
1327 2036 1378 2100 la·
1456 2112 1459 2117 Ι

430 2153 566 2215 crymas
605 2135 779 2211 elicerent,
807 2135 879 2211 alii,
912 2137 957 2199 ob
988 2134 1192 2201 incolumem
1224 2134 1378 2217 ejusdem

429 2232 671 2314 receptionem,
690 2236 726 2296 in
740 2252 860 2297 vocem
876 2234 980 2317 jubili
1005 2242 1040 2299 et
1057 2234 1284 2299 exultationis
1299 2233 1378 2317 laetd

427 2331 722 2412 prorumperent.¹

440 2553 470 2672 t¹
489 2557 546 2619 See,
566 2558 604 2606 ior
623 2573 655 2607 un
673 2565 779 2609 account
796 2561 825 2609 ol
838 2561 881 2610 the
900 2562 1062 2625 negotiotion,
1072 2560 1143 2612 Will.
1154 2562 1184 2610 ol
1191 2561 1379 2623 Mulmebdttl,
1576 2522 1578 2593 l

425 2639 439 2674 e
461 2639 515 2686 seq·
