3167 5000
412 488 458 552 38
729 504 844 550 casus
871 501 1067 561 susurrant,

414 657 503 742 pene
518 657 680 740 suscepit.
734 657 798 720 Est
813 657 936 722 civitas
954 676 976 720 a
991 652 1132 720 Bristod
1147 673 1197 720 vr.
1213 654 1369 719 miliariis

416 758 560 835 distans,
575 759 636 822 ubi
661 757 820 822 fonticuli
846 776 909 840 per
924 756 1080 821 occultas
1103 754 1238 820 fistulas
1259 775 1370 839 aquas
1405 786 1409 792 ·

417 878 462 922 ex
490 858 641 922 humano
677 857 817 940 ingenio
847 864 883 920 et
912 855 1059 921 artificio
1095 855 1299 932 calefactas·
1323 875 1369 919 ex

417 959 586 1022 abstrusis
613 965 714 1022 terrae
744 957 933 1021 visceribus
965 975 1102 1020 sursum
1139 956 1174 1020 in
1215 962 1369 1038 recepta·

417 1057 533 1121 culum
550 1076 612 1140 per
629 1065 823 1121 cameratas
847 1057 1065 1120 arcuationes
1085 1055 1235 1137 gloriose
1257 1056 1372 1137 dispo-

417 1157 523 1221 situm
543 1164 716 1233 emanant,
731 1157 952 1238 thermasque
968 1163 1191 1238 temperatas,
1206 1163 1241 1218 et
1255 1174 1372 1232 sanas,

418 1263 630 1339 aspectuque
654 1254 876 1320 delectabiles
905 1257 944 1320 in
973 1255 1086 1319 medio
1116 1253 1269 1320 civitatis
1300 1253 1370 1319 effi-

329 1367 352 1413 v²
418 1357 526 1421 ciunt.
578 1354 668 1433 Quae
691 1356 815 1420 civitas
833 1356 941 1420 Batta
955 1363 1112 1431 vocatur,
1129 1352 1222 1437 quod
1237 1374 1283 1418 ex
1298 1353 1371 1418 Au·

419 1455 519 1538 glicae
557 1455 686 1537 linguae
722 1456 933 1538 proprietate
976 1454 1116 1519 uehens
1153 1454 1371 1529 vocabulum,

420 1554 589 1619 Balneum
603 1556 861 1638 interpretetur,
877 1573 919 1618 eo
932 1554 1026 1637 qudd
1041 1554 1086 1619 ad
1105 1554 1203 1618 illam
1219 1573 1265 1618 ex
1279 1554 1372 1618 omni

420 1652 553 1737 Anglii
566 1654 692 1718 infirmi
708 1653 815 1719 causa
828 1655 865 1718 in
878 1655 1075 1719 salubribus
1090 1655 1193 1736 aquis
1208 1653 1371 1731 diluendi,

420 1754 498 1817 sani
523 1754 606 1822 verd
634 1752 748 1836 gratia
782 1755 956 1819 mirabiles
986 1754 1107 1818 calidae
1140 1773 1241 1836 aquae
1270 1773 1371 1836 erup·

420 1853 532 1917 tiones
557 1853 708 1931 videndi,
742 1862 778 1919 et
810 1854 849 1917 in
873 1855 923 1918 eis
947 1853 1142 1930 balneandi,
1171 1872 1373 1918 concurrere

257 1967 304 2056 ἔρις
305 1965 410 2056 fflssn.
421 1952 545 2018 solent.
598 1953 703 2018 Hanc
730 1953 839 2034 igitur
863 1954 1051 2030 civitatem,
1080 1972 1122 2017 eo
1143 1951 1236 2035 quod
1262 1952 1372 2017 facilis

257 2068 351 2107 desvour

258 2128 282 2158 sc

362 2071 384 2105 to

283 2118 316 2157 lte
324 2117 389 2157 sata

421 2059 513 2116 esset
541 2051 585 2115 ad
620 2051 853 2130 muniendum,
881 2053 924 2117 ad
955 2060 1083 2118 sortem
1113 2072 1213 2116 suam
1240 2052 1373 2117 Bristo·

422 2171 521 2214 enses
549 2151 697 2236 adjicere
723 2159 898 2228 conantes,
924 2154 1017 2218 facto
1039 2154 1179 2234 agmine
1203 2153 1241 2215 in
1263 2153 1373 2234 primo

348 2249 349 2252 ’
422 2249 489 2314 diei
504 2251 707 2334 crepusculo
730 2251 917 2336 improvise
941 2253 1038 2316 illam
1060 2252 1187 2329 adiere,
1202 2251 1374 2333 scalisque

421 2368 538 2414 secum
572 2357 608 2415 et
635 2351 712 2416 aliis
739 2351 944 2416 machinulis
969 2352 1014 2416 ad
1043 2371 1180 2416 murum
1210 2370 1374 2416 conscen-

421 2448 571 2515 dendum
593 2452 780 2530 convectis,
797 2452 835 2517 in
855 2449 1005 2535 quddam
1021 2451 1112 2517 valle
1134 2450 1263 2535 recepti
1287 2469 1374 2534 pau-

422 2548 532 2614 lulum
562 2550 803 2634 expectatunt,
834 2549 1081 2636 quoadusque
1117 2553 1188 2617 situ
1224 2552 1396 2616 civitatis·

424 2649 589 2734 adituque
611 2652 770 2733 capiendi
792 2653 837 2716 ab
852 2651 1131 2734 exploratoribus
1148 2652 1375 2728 considerato,

423 2748 554 2814 laxatis
583 2770 701 2816 omnes
723 2751 866 2815 habenis
887 2751 969 2816 illuc
994 2752 1123 2834 pariter
1138 2752 1375 2815 convolarent.

394 2848 604 2917 .Galfridus
639 2852 757 2934 itaque
779 2850 963 2927 Telebotb,
1001 2858 1238 2933 cognatusque
1282 2850 1375 2914 illius

319 2948 400 3029 nef*
426 2946 642 3013 Gislebertus
664 2950 707 3013 de
733 2950 873 3028 Laceio,
899 2952 952 3015 vir
974 2951 1136 3032 prudens,
1162 2951 1257 3014 etin
1283 2950 1377 3013 omni

294 3120 299 3135 ..
424 3046 566 3111 militari
591 3048 727 3113 actione
752 3050 918 3132 providus
940 3057 976 3114 et
992 3070 1168 3133 operosus,
1186 3050 1230 3114 ad
1254 3049 1374 3131 explo-

424 3146 569 3210 randum
592 3148 768 3226 destinati,
790 3150 970 3214 circuitum
993 3151 1145 3215 civitatis
1167 3149 1376 3233 pedetentim

425 3254 461 3309 et
486 3246 599 3324 caute,
623 3254 664 3313 ut
689 3249 755 3313 sibi
776 3248 971 3326 videbatur,
993 3246 1270 3332 perlustratum:
1297 3246 1376 3313 cbm

426 3364 505 3410 ecce
527 3346 654 3411 milites
679 3349 837 3431 praesulis
855 3349 1046 3425 Batteusis,
1066 3348 1136 3413 illis
1158 3348 1374 3431 conspicatis,

424 3444 565 3526 repente
579 3447 817 3524 interfuerim,
836 3447 1099 3530 Gislebertoque
1116 3449 1285 3513 demedio
1299 3447 1378 3511 illo·

351 3564 352 3569 ¹
425 3562 501 3607 rum
525 3544 703 3622 evadente,
720 3554 761 3611 ut
785 3554 861 3610 erat
882 3547 952 3612 alio
968 3549 1139 3612 versutior
1160 3557 1196 3612 et
1211 3548 1377 3623 acerbior,

426 3640 623 3707 Galfridum
645 3644 951 3711 circumvenientes
974 3654 1150 3730 ceperunt,
1165 3647 1378 3730 pedibusque

425 3742 640 3807 strictissime
665 3745 869 3828 compeditis
892 3746 928 3810 iu
946 3754 1079 3811 secreto
1097 3766 1246 3824 recessu,
1261 3754 1376 3811 custo·

424 3842 490 3905 diis
526 3843 700 3922 adhibitis,
730 3853 957 3912 retruserunt.
1010 3846 1227 3912 Gislebertus
1250 3855 1376 3923 autem,

425 3948 497 4004 tam
518 3942 732 4008 infortunate
756 3953 907 4027 cognato
932 3945 1072 4023 amisso,
1090 3946 1134 4011 ad
1156 3947 1299 4011 comites
1322 3965 1376 4009 re·

424 4058 575 4121 gressus,
605 4045 804 4109 moestuosis
831 4046 988 4127 suspiriis
1020 4044 1102 4128 quid
1135 4046 1168 4109 ei
1200 4046 1377 4111 infortunii

424 4139 549 4205 accidit
566 4142 752 4207 enarravit.
806 4143 883 4209 Nec
900 4152 1016 4211 tamen
1033 4145 1084 4210 illi
1107 4147 1152 4210 ob
1173 4146 1238 4211 boc
1254 4146 1376 4230 despe-

423 4239 503 4323 rati,
532 4240 591 4305 sed
616 4242 836 4309 constantius
857 4245 1013 4324 animati,
1041 4265 1146 4329 seque
1165 4246 1205 4310 iu
1229 4246 1376 4312 invicem
