3167 5000
423 561 424 564 ,
524 509 631 556 auers
658 508 885 577 nuccouuu„
1128 495 1174 558 35

215 664 348 733 manto¹
375 665 574 745 alienatam,
600 684 708 750 regno
737 669 803 733 sibi
837 687 965 752 sponso
994 675 1031 733 et
1050 669 1170 755 jurato
1183 683 1339 725 nautum.

216 768 401 849 privatam,
413 766 507 848 leges
523 766 669 844 solutas,
681 768 856 853 justitiam
872 769 1054 847 calcatam,
1069 769 1170 835 fidem
1181 734 1339 875 Ξῗῖξξέῗέῗῗ

219 867 387 931 baronum
416 864 566 949 Angliae,
583 867 764 950 foedusque
784 867 943 952 juratum
966 875 1107 952 ruptum
1126 890 1169 934 ex
1198 847 1221 875 ⁸¹
1266 843 1337 884 ‘⁰¹³'

218 973 305 1042 toto,
322 973 358 1030 et
372 966 470 1030 nihili
497 986 653 1050 pensum,
676 968 822 1050 ideoque
844 968 1049 1052 suppliciter
1073 969 1171 1033 illum

219 1073 255 1130 et
276 1066 469 1149 lacrymose
495 1067 641 1149 precari,
666 1069 831 1149 quatinus
857 1076 896 1132 ut
919 1075 1090 1150 cognatus
1112 1069 1172 1133 de-

218 1165 350 1230 stitutae
369 1167 581 1243 subveniret,
597 1175 637 1230 ut
664 1167 730 1230 sibi
759 1166 943 1252 adjuratus
970 1167 1172 1233 miserandae

216 1265 407 1328 subsidium
438 1266 663 1348 impenderet,
699 1286 763 1331 rex
801 1266 872 1332 alte
909 1267 1087 1349 ingemuit,
1117 1289 1172 1332 ze-

219 1364 323 1448 loque
350 1365 499 1450 justitiae
531 1385 731 1444 succensus,
764 1373 839 1430 tum
879 1385 942 1449 pro
981 1368 1173 1432 communis

219 1465 400 1546 sanguinis
426 1466 648 1548 cognatione,
663 1474 738 1530 tum
764 1485 829 1549 pro
858 1466 926 1530 tide
956 1466 1093 1531 mulieri
1118 1486 1171 1531 re-

217 1562 388 1646 promissa
414 1571 451 1630 et
472 1563 600 1644 debita,
618 1585 763 1648 regnum
780 1563 918 1648 Angliae
940 1567 1081 1630 turbare
1106 1565 1173 1630 dis·
1245 1614 1257 1634 .

217 1664 357 1746 posuit;
384 1671 424 1729 ut
441 1664 602 1749 undique
626 1666 662 1729 in
689 1683 804 1747 regem
837 1666 1047 1730 dissentione
1071 1685 1171 1729 com·

220 1762 329 1840 mota,
353 1765 444 1847 quod
471 1765 612 1850 injuste,
643 1773 682 1829 ut
710 1765 776 1829 sibi
805 1763 998 1842 videbatur,
1021 1784 1169 1849 occupa·

217 1870 330 1942 verat,
343 1863 486 1948 justiori
499 1883 548 1941 se,
567 1871 775 1948 cooperante
791 1864 881 1941 Deo,
896 1865 1052 1947 linquere
1066 1884 1169 1946 coge-

218 1971 325 2029 retur.
346 2005 351 2014 ·
372 1962 537 2029 Habebat
558 1983 621 2028 rex
638 1981 768 2041 secum,
783 1963 844 2045 qui
861 1983 939 2028 eum
961 1965 1081 2028 crebro
1108 1965 1169 2028 ad·
1181 1985 1310 2036 uenae

217 2062 415 2128 monitionis
437 2063 572 2127 calcare
600 2063 644 2127 ad
671 2064 905 2128 turbationem
928 2063 1165 2128 concitandam
1179 2037 1338 2126 ῗὲῗὲῗιῗζῧὲιῖ

216 2162 455 2240 stimulabant,
478 2163 558 2227 binc
580 2162 689 2227 filium
705 2163 852 2228 Roberti
873 2163 916 2226 de
933 2162 1167 2240 Bathentonb,
1180 2136 1331 2226 gfnffifflff

216 2261 360 2346 ejusque
387 2262 616 2340 collaterales,
645 2265 776 2346 quiex
804 2260 945 2344 Anglia,
974 2271 1013 2327 ut
1038 2263 1169 2327 dictum

217 2369 282 2438 est,
315 2362 459 2437 exulati,
489 2364 553 2427 sub
584 2381 650 2444 spe·
681 2363 925 2445 recuperandae
962 2362 1085 2445 patriae
1124 2362 1169 2427 ad

219 2460 316 2526 illum
350 2462 597 2544 confugerant3
627 2463 706 2527 inde
728 2462 837 2527 tilium
864 2462 887 2529 J
890 2462 1013 2527 oannis
1041 2461 1168 2527 Eusta-

216 2560 343 2638 chium,
355 2564 447 2645 regis
459 2562 602 2628 Henrici
612 2582 781 2626 summum
785 2610 796 2641 ,
814 2570 849 2627 et
864 2563 1068 2646 popularem
1082 2562 1168 2627 ami·

216 2680 306 2737 cum,
321 2662 478 2745 aliosque
492 2662 726 2745 quamplures,
737 2663 798 2746 qui
811 2663 867 2726 vel
884 2659 1028 2746 questus
1040 2659 1166 2744 gratia,

216 2760 272 2825 vel
294 2760 442 2845 justitiae
470 2770 510 2828 ut
533 2764 598 2825 sibi
614 2762 796 2828 videbatur
818 2760 1041 2826 defendendae
1064 2780 1164 2826 occa·

215 2860 311 2925 sione
329 2861 533 2926 discordiam
557 2861 766 2927 ambiebant.
814 2861 894 2925 Rex
911 2861 1018 2943 igitur
1035 2861 1163 2939 David,
1176 2881 1323 2932 nauem

214 2960 265 3024 sic
282 2962 372 3024 enim
390 2963 591 3038 vocabatur,
608 2981 777 3045 perpenso
802 2981 864 3045 per
882 2961 1035 3026 Scotiam
1050 2960 1162 3027 edicto
1174 2934 1307 3029 :emm

213 3078 331 3123 omnes
361 3061 398 3125 in
432 3079 530 3125 arma
559 3063 756 3139 commovit,
788 3062 988 3144 laxatisque
1018 3033 1280 3143 permis-m

212 3159 320 3224 sionis
345 3178 419 3225 suae
447 3160 563 3238 frenis,
580 3161 743 3244 quicquid
768 3162 805 3224 in
828 3160 964 3243 Anglos
988 3160 1163 3225 truculen-

213 3258 294 3335 tius,
327 3260 490 3342 quicquid
516 3262 716 3342 excogitare
752 3266 896 3342 possent
929 3260 1162 3337 inhumanius,

210 3356 343 3423 remoti
357 3359 499 3442 pietate,
516 3378 682 3442 peragere
698 3357 889 3443 pracepit.⁹

263 3458 328 3523 Est
360 3466 475 3524 autem
509 3458 638 3536 Scotia,
671 3478 749 3542 quae
778 3466 814 3523 et
842 3456 994 3523 Albania
1023 3458 1160 3535 dicitur,
1173 3480 1306 3572 ”mm

209 3558 306 3641 regio
350 3557 436 3623 locis
472 3559 685 3641 palustribus
720 3559 960 3643 circumsepta,
995 3559 1160 3624 silvarum
1172 3534 1197 3572 ⁰¹
1286 3532 1307 3570 ‘¹'

209 3658 385 3736 fertilium,
400 3658 512 3736 lactis
528 3666 563 3724 et
576 3667 806 3724 armentorum
824 3660 977 3743 copiosa,
992 3660 1161 3742 portubus

208 3758 415 3835 salubribus,
453 3759 576 3823 insulis
613 3760 785 3842 opulentis
815 3759 1071 3834 circumcincta,
1100 3758 1161 3820 sed

245 3988 479 4043 '‘Testamentum’
490 3995 513 4044 is
529 3994 589 4043 bere
607 3993 670 4043 used
697 3993 755 4055 long
773 3993 819 4043 list
836 3992 865 4042 oi
880 3993 1009 4043 atrocities
1019 3992 1162 4042 committed

208 4062 248 4112 t'or
265 4060 308 4112 the
327 4068 447 4125 property
466 4063 626 4127 bequeatbed
645 4063 671 4111 in
696 4063 731 4124 by
744 4062 786 4113 tha
806 4063 897 4113 Scotcb
915 4064 1016 4127 against
1033 4063 1076 4113 the
1095 4064 1164 4125 Eng-

209 4132 252 4182 the
262 4132 326 4183 will.
698 4132 757 4196 lisb,
776 4133 858 4182 under
876 4134 964 4183 colour
990 4133 1019 4182 of
1038 4134 1164 4195 aveuging

701 4203 820 4265 Matilda,
831 4204 858 4254 ii.
867 4207 925 4254 221.
962 4203 1003 4254 Cf.
1014 4202 1126 4252 william
1138 4202 1168 4250 οἱ

238 4268 249 4298 ¹
266 4272 350 4335 Rogar
365 4273 398 4323 de
409 4273 551 4322 Wendover
569 4274 640 4335 gives
657 4287 673 4322 a
703 4273 902 4336 Newbrige,16.

977 4368 1020 4412 nt
