3167 5000
389 463 453 527 130
694 478 807 526 casua
834 480 1026 539 sanentur,

390 636 498 699 hones
529 634 803 717 compunctionis
836 643 871 698 et
902 634 1125 700 correctionis
1158 632 1195 695 in
1224 640 1338 700 mente

391 732 485 797 illius
499 732 697 815 ingereret.¹

232 866 346 915 mr„
442 832 514 896 Sub
542 833 660 897 eodem
689 832 796 896 ferme
824 840 979 912 tempore
1008 850 1070 894 rex
1099 830 1337 906 Eustachium,

230 916 380 1006 ffiffl,
392 931 500 995 filium
522 951 633 1006 suum,
652 932 803 1013 egregiae
818 930 942 993 indolis
964 930 1226 1004 adolescentem,
1249 928 1338 991 mili·

393 1031 452 1093 tiae
482 1031 632 1110 cingulo,
655 1049 770 1095 coram
798 1028 1035 1110 optimatibus,
1051 1029 1260 1092 honoranter
1282 1047 1337 1091 ac-

393 1129 514 1205 cinxit,
537 1147 684 1210 eumque
706 1130 820 1205 terris,
842 1135 878 1190 et
900 1127 1174 1209 possessionibus
1196 1126 1338 1209 amplis-

393 1226 478 1290 simd
491 1228 652 1302 ditatum,
669 1226 802 1291 militiae
824 1245 961 1308 quoque
982 1226 1209 1289 floridissimae
1227 1244 1337 1307 appa·

392 1332 472 1389 ratu
493 1324 666 1408 praecipue
688 1325 903 1406 insignitum,
918 1325 963 1388 ad
986 1321 1186 1388 consulatus
1204 1325 1336 1405 apicem

231 1461 345 1501 cm„
393 1423 602 1488 excellenter
632 1424 804 1506 provexit.
873 1423 921 1487 Et
950 1423 1025 1505 ipse
1057 1422 1211 1504 prolecto
1236 1422 1336 1485 annis

230 1511 358 1551 mm·
392 1522 605 1599 adolescens,
639 1523 791 1586 moribus
827 1522 956 1602 gravis,
996 1521 1128 1585 militiae
1167 1518 1339 1584 industria

390 1620 590 1702 praeclarus,
606 1619 727 1685 innata
743 1621 917 1702 probitate
934 1621 1142 1702 praecipuus,
1163 1620 1338 1684 ornatissi-

391 1739 484 1782 mum
510 1720 643 1782 eminus
668 1720 703 1782 in
732 1720 810 1801 ipso
837 1719 1007 1782 militandi
1031 1718 1148 1782 limine
1177 1718 1338 1799 gloriosae

390 1818 492 1881 famae
516 1818 706 1899 promeruit
728 1817 888 1891 titulum3
914 1818 996 1899 quia
1020 1818 1136 1880 mitem
1157 1836 1195 1881 se
1219 1817 1338 1899 impri-

391 1917 468 1993 mis,
498 1923 534 1980 et
560 1916 730 1980 affabilem
757 1916 933 1991 exhibere,
954 1916 1163 1999 dapsilitatis
1184 1935 1336 1992 manum,

391 2034 468 2078 cum
490 2014 591 2078 hilari
616 2012 861 2090 munificentia,
877 2015 1004 2096 ubique
1026 2015 1212 2096 porrigere,
1231 2013 1336 2097 pluri·

330 2179 333 2184 ,
390 2131 550 2194 mumque
571 2114 614 2177 de
635 2122 780 2194 paterno
800 2122 939 2195 pectore
961 2114 1153 2195 possidens,
1173 2113 1251 2176 istis
1272 2132 1337 2193 pro

390 2219 544 2292 tempore
569 2230 700 2293 parem,
723 2211 794 2274 illis
822 2211 1028 2293 quandoque
1052 2211 1263 2295 superiorem
1283 2230 1336 2274 os·

389 2310 551 2373 tendere:
583 2310 640 2373 hic
665 2310 762 2391 pacis
783 2310 916 2373 foedera
939 2309 1167 2373 intentissime
1189 2310 1336 2385 firmare,

387 2408 459 2471 illic
469 2409 590 2472 duram
603 2409 810 2472 adversariis
823 2416 858 2473 et
873 2408 1174 2490 inexpugnabilem
1184 2408 1336 2472 frontem

228 2517 376 2605 prmneve·
389 2507 522 2571 offerre.
589 2507 677 2572 Cum
704 2510 830 2572 comite
857 2527 1005 2590 namque
1029 2508 1186 2583 Castriae,
1214 2507 1275 2569 sed
1301 2514 1336 2570 et

251 2573 306 2609 ‘m
389 2625 467 2669 cum
490 2607 568 2670 aliis
587 2607 773 2683 nonnullis,
791 2607 842 2670 sic
864 2625 1121 2688 nonnumquam
1139 2605 1249 2670 mutui
1264 2625 1335 2669 cer-

390 2706 527 2768 taminis
547 2705 745 2768 conflictum
767 2704 901 2781 habuit,
920 2706 971 2768 sic
993 2715 1029 2768 et
1051 2704 1177 2785 insigni
1191 2705 1335 2767 famosae

388 2803 542 2868 victoriae
566 2804 748 2886 splendore
777 2804 979 2867 multotiens
1009 2803 1145 2880 enituit,
1169 2811 1220 2879 ut,
1242 2803 1334 2884 quod

388 2909 486 2966 tener
505 2904 631 2984 agebat
647 2902 811 2984 ephebus,
829 2902 990 2982 (necdum
1009 2903 1101 2965 enim
1122 2901 1268 2984 primam
1286 2901 1335 2965 la·

388 3001 549 3080 nuginem
574 2998 759 3084 attigerat)
781 3000 924 3081 perlecti
955 3001 991 3062 in
1012 2999 1155 3063 militari
1175 3018 1335 3080 congres-

388 3099 484 3162 sione
500 3099 565 3162 viri
580 3098 844 3162 admirarentur.
884 3099 1046 3180 Dumque
1069 3098 1162 3162 filius
1180 3097 1268 3181 ejus,
1288 3098 1333 3161 ad

387 3197 504 3261 hostes
520 3197 763 3273 retundendos,
775 3216 820 3260 ex
831 3195 901 3261 und
912 3197 1011 3277 regni
1029 3204 1139 3278 parte,
1150 3197 1335 3278 promptis·

387 3296 473 3359 sime
494 3296 689 3371 desudaret,
707 3303 817 3377 pater,
837 3315 881 3360 ex
897 3293 977 3371 alia,
992 3302 1191 3359 consuetam
1214 3295 1335 3358 trium-

387 3394 499 3474 phalis
523 3395 654 3458 militiae
672 3439 848 3462 ......
871 3394 960 3457 ciam
984 3392 1260 3475 frequentissime
1283 3411 1334 3456 re-

386 3492 557 3572 portabat.
614 3491 805 3556 Castellum
829 3493 1011 3574 siquidem,
1039 3493 1130 3574 quod
1154 3492 1332 3556 dicebatur

386 3589 429 3652 de
451 3586 560 3664 Silva,
588 3589 647 3652 ubi
677 3608 715 3652 se
746 3591 855 3653 totius
885 3590 993 3670 pacis,
1018 3597 1054 3652 et
1082 3590 1333 3672 tranquilitatis

385 3689 514 3752 inimici
546 3696 758 3770 receperant,
790 3707 995 3771 omnemque
1033 3689 1331 3773 circumjacentem

419 3934 471 3982 ¹It
487 3935 510 3982 is
526 3935 586 3994 only
596 3933 662 3994 right
679 3937 704 3980 to
720 3946 776 3993 say,
792 3929 848 3979 that
872 3931 984 3988 actious;
1009 3929 1060 3978 and
1083 3929 1125 3978 the
1147 3929 1262 3978 inherent
1283 3929 1335 3978 evi-

382 4003 434 4052 this
449 4004 524 4052 noble
534 4004 594 4051 trait
604 4002 631 4049 in
645 4001 777 4062 Stephen's
788 3999 848 4048 cha-
871 3999 950 4049 deuce
961 3999 990 4047 ol
997 3998 1075 4060 nuth,
1082 3997 1167 4047 which
1178 3999 1201 4047 is
1212 4003 1335 4059 apparent

383 4078 465 4122 racter
482 4073 505 4121 is
520 4078 564 4121 not
580 4071 714 4120 confirmed
729 4071 762 4130 by
776 4069 848 4117 other
871 4069 897 4116 in
913 4069 949 4117 all
964 4067 1007 4117 the
1016 4069 1133 4131 writinge
1149 4068 1178 4116 of
1190 4067 1233 4116 the
1244 4067 1335 4115 author

382 4143 510 4192 evidence.
535 4142 571 4190 At
582 4141 624 4188 the
635 4154 704 4188 same
715 4140 783 4200 time,
795 4139 847 4186 itis
871 4138 900 4186 of
912 4137 963 4187 this
978 4137 1113 4198 chronicle,
1131 4152 1189 4197 may
1205 4136 1281 4196 fairly
1292 4150 1335 4183 en-

382 4211 505 4272 perleetly
519 4211 656 4258 consistent
672 4207 734 4257 with
754 4208 790 4257 all
806 4207 846 4256 hia
870 4208 925 4256 title
937 4208 957 4255 it
967 4212 993 4256 to
1004 4207 1094 4255 credit.
