3167 5000
523 491 629 557 usuors
653 491 867 539 ruscorum.
1066 482 1070 488 '
1107 474 1175 544 ,67

221 650 373 713 excorio
390 647 487 711 firme
502 655 538 711 et
554 645 732 729 ingeniose
747 646 935 722 contextis,
948 653 1052 709 noctu
1070 666 1173 711 oecu-

221 749 329 830 pavit.
359 747 541 831 'Cbmque
565 766 602 810 se
628 754 664 809 et
693 764 787 821 suos,
813 744 966 827 deceptis
988 747 1172 824 manubiis,

221 847 382 933 interius,
407 847 624 930 conjecisset,
657 851 832 928 quotquot
862 864 908 907 ex
945 852 1044 926 parte
1080 847 1172 928 regis

221 948 357 1011 inerant
378 946 498 1009 secure
521 952 738 1027 soporantes,
757 964 821 1007 nec
847 943 932 1007 talia
956 943 1173 1025 suspicantes

222 1046 491 1128 comprehendit,
518 1046 674 1126 exeeptis
702 1044 834 1125 pauciS,
864 1042 924 1124 qui
951 1045 1014 1107 sub
1046 1044 1172 1107 intem-

224 1144 324 1227 peste
340 1152 454 1221 nocte,
473 1145 624 1208 clamore
640 1144 861 1208 subeuntium
879 1149 1015 1219 exorto,
1030 1144 1172 1225 repente

221 1263 259 1307 se
294 1245 330 1307 in
364 1244 487 1308 turrim
526 1243 783 1306 eminentiorem
825 1241 1068 1305 contulerunt:
1110 1243 1172 1306 sed

221 1344 304 1425 quia
326 1363 389 1410 nec
413 1362 511 1407 escas
534 1362 650 1406 seeum
668 1340 898 1417 contulerant,
916 1359 980 1403 nec
1005 1340 1173 1422 suffraga-

221 1449 312 1506 tores
335 1462 357 1505 ιι
379 1462 460 1524 rege
482 1442 707 1518 advenerant,
727 1440 849 1522 paucis
872 1440 992 1503 diebus
1018 1440 1171 1505 decursis

221 1541 341 1605 turrim
360 1542 593 1604 reddiderunt

272 1639 425 1724 Hujus
416 1640 481 1721 igit
482 1660 524 1703 ur
550 1646 623 1703 tam
655 1657 698 1701 ev
675 1637 786 1719 regii
810 1636 973 1701 facinoris
1004 1612 1098 1703 fama
1130 1660 1169 1705 se
1181 1651 1227 1690 Th·
1236 1651 1286 1691 2²1¹
1294 1653 1318 1691 οἰ

1180 1702 1304 1741 Glaucester

207 1738 325 1803 'latius
342 1739 573 1822 dispergente,
587 1755 703 1801 comes
721 1735 947 1801 Glaornensis
964 1737 1073 1800 filium
1088 1758 1165 1804 cum
1179 1752 1244 1791 ends
1254 1751 1288 1791 111·
1296 1762 1335 1791 ⁸0¹¹

1178 1801 1260 1841 totake
1268 1802 1306 1840 tlte

220 1839 362 1920 copioso
387 1838 533 1901 militnm
561 1837 709 1918 agmine,
729 1845 896 1918 tanquam
917 1836 1063 1902 Roberti
1087 1858 1166 1903 con·
1153 1850 1312 1940 -ffimfle

221 1957 321 2003 umen
350 1937 603 2018 astipulaturus
629 1934 843 1999 transmisit.
879 1934 939 1999 sed
966 1936 1024 1999 ille
1054 1940 1166 2002 verbis
1178 1951 1315 1990 unimor-

220 2056 298 2101 eum
328 2036 504 2120 injuriosis
534 2054 735 2117 aspernans,
759 2035 862 2097 minis
891 2054 1030 2117 quoque
1060 2037 1167 2101 inter·

221 2136 340 2199 mixtis
365 2155 387 2199 a
412 2136 523 2217 portis
551 2136 706 2215 abigenS,
729 2133 933 2197 vilificatum
963 2135 1006 2197 ad
1034 2143 1169 2217 patrem

220 2235 364 2312 remisit,
393 2233 579 2311 affirmanS,
601 2239 642 2296 ut
670 2233 852 2296 castellum
877 2233 1170 2320 possideret,nou

220 2333 354 2397 fortiori
370 2353 408 2397 se
425 2334 666 2407 committeret,
684 2331 866 2409 castellum
890 2352 929 2395 se
943 2334 1169 2415 conquisisse,

222 2432 268 2496 Et
286 2431 424 2516 quidem
449 2433 500 2495 ita
521 2450 558 2494 se
584 2450 639 2493 res
667 2429 829 2507 habebat,
845 2431 897 2494 ita
917 2437 954 2495 et
977 2432 1171 2516 versipellis

220 2532 279 2595 ille
306 2531 445 2597 versute
482 2531 671 2612 cogitabat,
704 2531 869 2612 quatinus
902 2550 966 2594 nec
997 2551 1043 2595 ex
1071 2542 1172 2615 parte

220 2631 357 2712 comitis
382 2651 420 2695 se
443 2631 633 2706 continens
656 2647 719 2693 nec
742 2648 787 2693 ex
814 2632 988 2694 consortio
1016 2631 1107 2712 regis
1133 2652 1172 2700 se

220 2731 397 2813 profitens,
430 2749 504 2794 suae
531 2729 645 2811 gentis
676 2729 808 2792 viribus
835 2729 1052 2793 abundanter
1080 2729 1172 2796 intro

220 2831 380 2912 receptis,
405 2849 539 2893 omnem
569 2825 838 2909 circumquaque
869 2828 1082 2911 provinciam
1110 2839 1172 2896 aut

219 2927 300 2992 dolo
324 2928 509 3010 deciperet,
527 2934 589 2991 aut
607 2926 739 2990 viribus
761 2927 942 2992 obtineret.
996 2927 1063 2992 Sed
1081 2930 1176 3011 mili-¹

219 3026 270 3091 tia
287 3027 380 3092 illius
403 3027 440 3090 in
464 3027 617 3108 seipsum
633 3025 710 3090 Deo
734 3026 938 3091 mirabiliter
958 3026 1079 3110 judice
1104 3028 1171 3094 fuit

220 3125 362 3201 reflexa,
378 3127 461 3210 quia
484 3126 674 3191 secundum
689 3124 785 3188 illam
811 3125 980 3191 divinitbs
996 3127 1169 3209 prolatam

221 3227 440 3301 sententiam,
456 3225 550 3288 ‘Per
569 3243 647 3306 quae
674 3230 798 3306 peccat
824 3224 915 3305 quis,
943 3243 1007 3335 per
1033 3224 1108 3288 haec
1133 3234 1170 3291 et

214 3323 460 3406 torquebitur!
523 3321 617 3400 Quia
657 3323 749 3384 enim
790 3322 879 3384 alios
923 3322 1169 3396 circumvenire
1180 3339 1296 3429 {2⁵²⁸ss

217 3421 337 3486 dolose
378 3422 587 3502 attentabat,
619 3426 654 3484 et
687 3419 745 3484 ille
781 3419 863 3485 dolo
899 3421 1166 3503 circumventus,
1179 3394 1296 3529 {grafdo

217 3529 348 3604 captus
374 3529 410 3586 et
428 3527 619 3596 catenatus
635 3518 781 3584 diversis
803 3520 988 3603 suppliciis
999 3521 1167 3605 fatigatus

217 3621 360 3700 interiit.
414 3619 495 3684 Fuit
517 3618 718 3702 siquidem
708 3619 875 3684 turicino
893 3619 1069 3686 Joannes
1088 3624 1321 3724 qui-qul‘ttx«ld

213 3720 308 3797 dam,
326 3721 380 3783 vir
406 3719 526 3784 itidem
555 3725 729 3795 tecnosus,
744 3731 780 3782 et
803 3719 848 3781 ad
872 3738 1001 3799 magna
1026 3719 1166 3792 fraudu·
1177 3687 1334 3834 ffi‘pgg‘q'

216 3820 327 3884 lenter
351 3818 600 3883 commovenda
631 3816 885 3900 paratissimus,
909 3816 1089 3881 castellum
1114 3827 1167 3882 tu·
1328 3811 1334 3824 '

217 3919 385 3982 tissimum
432 3936 477 3981 ex
520 3917 615 3998 regio
650 3917 730 4000 jure
767 3915 937 3979 violenter
975 3916 1168 3998 possidens,

217 4018 469 4099 Merlebergam
487 4016 713 4122 nominatum.
754 4012 858 4091 Quod
877 4015 1052 4086 Robertus
1070 4017 1169 4082 affec·

356 4223 364 4254 ¹
382 4226 466 4276 ‘John
474 4224 644 4276 Fiaoilbert
653 4219 669 4285 ;’
688 4224 756 4274 Will.
768 4224 798 4273 of
806 4225 927 4275 Mulrnsb.
938 4230 996 4288 134.
1004 4272 1018 4300 ,-

1023 4326 1036 4360 r
1047 4318 1063 4362 2
