3167 5000
505 503 610 552 nucis
634 503 847 554 arenosum
1112 483 1154 551 17

201 657 386 743 cujuslibet
409 655 562 741 angariae
580 659 732 726 violenta
755 661 936 726 exactione
952 659 1153 742 degravare,
1165 672 1299 768 33„chth

203 759 407 824 munuscula
433 759 602 824 annuaria
628 761 704 825 vice
729 761 848 825 tributi
870 763 914 825 ab
937 761 988 825 eis
1003 761 1153 842 exigere,
1166 771 1304 863 rueretque

203 859 329 924 ostium
344 858 496 923 ecclesiae
514 860 663 924 Simonis
686 859 1035 944 usquamusquam
1059 860 1156 923 Petri
1168 829 1240 876 Μ’
1263 850 1269 862 ’

204 957 302 1022 clave
318 958 551 1035 claudere,vel
563 955 706 1042 aperire.
740 959 843 1038 Quod
856 960 952 1025 Deus
961 960 1158 1042 acceptavit

206 1058 360 1142 conjugii
390 1059 517 1122 bonum
548 1058 704 1143 perfacili
733 1061 915 1124 occasione
946 1060 1154 1139 dissolvere;
1204 1096 1206 1099 ·

206 1157 401 1222 adulterina
432 1158 602 1223 lenocinia
630 1158 720 1223 sicut
750 1159 825 1242 ipse
855 1159 1079 1234 committere,
1106 1159 1157 1223 ita

206 1263 243 1324 et
258 1259 295 1321 in
310 1258 388 1321 aliis
405 1253 571 1332 tolerare;
591 1264 701 1321 terras
711 1255 945 1336 ecclesiarum,
960 1258 1157 1342 pastoribus

207 1356 389 1433 defunctis
415 1356 452 1420 in
484 1357 640 1440 proprios
671 1376 755 1420 usus
792 1357 968 1439 redigere;
995 1357 1157 1422 altarium

209 1475 453 1540 nonnunquam
467 1457 659 1520 oblationes
668 1457 705 1520 in
716 1451 980 1540 praepositorum
991 1456 1156 1522 laicorum

209 1575 332 1622 manus
351 1556 566 1632 contradere,
583 1555 638 1620 vel
662 1553 886 1639 recompensa
905 1557 972 1620 sibi
989 1557 1156 1635 mercede,

210 1657 335 1739 quibus
362 1655 442 1740 jure
485 1656 664 1734 cedebant,
702 1655 831 1738 injuste
869 1656 1066 1722 concedere.
1119 1657 1156 1720 Si

211 1757 288 1840 quis
304 1763 420 1820 autem
437 1774 482 1818 ax
508 1755 654 1819 adverso
678 1755 866 1819 ascendens
882 1775 921 1819 se
938 1775 1072 1820 murum
1092 1775 1155 1839 pro

212 1857 315 1921 domo
336 1855 446 1918 Israel
465 1854 569 1918 vellet
596 1853 755 1938 objicere,
780 1854 1005 1938 nefandisque
1035 1855 1155 1939 hujus-

214 1955 305 2020 modi
334 1955 536 2019 commentis
565 1954 797 2019 ecclesiastico
823 1955 936 2036 rigore
964 1974 1154 2033 occurrere,

214 2064 344 2120 terrore
372 2053 464 2118 illius
489 2053 644 2137 protinus
666 2073 845 2136 repressus
868 2053 1004 2138 injuriis
1025 2054 1155 2138 impeti,

212 2155 424 2220 insecutione
440 2151 559 2218 validis
571 2174 593 2218 a
615 2172 653 2217 se
677 2153 817 2236 suisque
832 2153 1074 2218 comministris
1096 2154 1158 2219 tri-

214 2255 337 2331 bulari,
372 2273 435 2318 nec
464 2260 545 2317 ante
574 2254 611 2316 in
642 2253 877 2336 postulatione
916 2251 1071 2336 quilibet
1100 2253 1156 2317 val

213 2352 428 2439 querimonia
450 2352 619 2430 exaudiri,
645 2350 749 2436 quam
781 2372 883 2417 mann
918 2352 993 2437 ejus
1015 2351 1157 2418 inuncta

213 2474 310 2520 reum
334 2471 376 2519 se
401 2452 678 2537 praesumptionis
703 2453 739 2517 in
759 2452 899 2536 publico
916 2454 1156 2535 proclamaret.

213 2556 325 2638 Super
349 2554 413 2617 hac
435 2553 542 2635 igitur
562 2551 792 2617 inverecunda
817 2553 971 2617 ecclesiae
988 2554 1294 2635 depressi-reuma

212 2674 290 2732 one,
305 2650 494 2735 alteraque,
515 2658 556 2716 ut
578 2650 694 2716 verius
708 2652 833 2729 dicam,
849 2652 1042 2716 Pharaonis
1058 2672 1157 2733 gras-
1167 2624 1314 2724 lale‘plffim

214 2754 360 2831 satione,
398 2753 435 2816 in
474 2752 561 2816 facie
591 2752 682 2834 regis
713 2751 934 2838 vehementer
965 2753 1157 2836 conquesti,

215 2848 342 2920 obnixe
372 2871 450 2917 eum
484 2852 767 2934 imploraverunt,
797 2852 962 2935 quatinus
999 2870 1073 2917 suae
1103 2870 1159 2917 ec·

214 2953 354 3018 clesiam
388 2952 540 3016 libertati
573 2950 740 3026 redderet,
768 2952 823 3015 sni
850 2970 926 3015 eam
952 2950 1044 3036 juris
1070 2971 1162 3015 com·

215 3060 331 3137 potem
346 3048 506 3127 efficeret,
522 3050 616 3114 illius
627 3050 786 3115 instituta
803 3051 938 3133 legibus
954 3050 1160 3119 secularium

213 3151 381 3237 praeponi,
401 3150 494 3215 illius
519 3151 656 3214 decreta
677 3147 773 3214 nulla
795 3151 929 3215 ratione
950 3150 1161 3233 praevalente

214 3257 392 3336 pateretur
432 3249 573 3313 remitti.
642 3249 711 3312 His
748 3257 864 3313 autem
893 3268 956 3312 rex
987 3250 1160 3331 patienter
1170 3269 1216 3309 me
1225 3264 1300 3317 aar·

214 3351 353 3427 auditis,
397 3367 622 3430 quaecumqne
659 3346 878 3429 postularant
919 3347 1072 3429 gratuite
1108 3318 1266 3413 usfulli?

213 3450 407 3530 indulgens,
442 3448 596 3511 ecclesiae
626 3446 820 3512 libertatem
848 3447 953 3510 fixam
985 3455 1022 3511 et
1048 3448 1159 3513 invio·

214 3550 352 3615 labilem
364 3566 450 3624 esse,
459 3547 552 3611 illius
567 3554 701 3611 statuta
717 3554 793 3611 rata
807 3552 843 3611 at
854 3547 1072 3624 inconcussa,
1085 3547 1161 3633 ejus
1172 3563 1318 3606 ranam·

216 3650 391 3714 ministros
422 3646 669 3731 cujuscumque
707 3646 931 3729 professionis
965 3654 1079 3711 essent
1105 3612 1328 3713 velllllfflf‘h

216 3738 357 3824 ordinis,
384 3746 477 3810 omni
503 3744 695 3811 reverentia
724 3745 943 3810 honorandos
973 3763 1049 3808 esse
1073 3763 1163 3827 prae-

219 3848 323 3931 cepit.
392 3845 615 3928 Fecissetque
640 3843 864 3928 praeceptioni
884 3861 957 3907 suae
983 3842 1081 3919 satis,
1098 3843 1164 3907 nisi

222 3956 257 4012 et
281 3943 516 4011 consiliatores
542 3943 706 4027 perversi,
727 3945 787 4027 qui
810 3944 935 4009 bonum
960 3942 1166 4026 quandoque

223 4050 426 4131 pervertunt
437 4042 600 4119 animum,
615 4050 651 4106 et
666 4043 742 4125 ipsa
755 4042 954 4124 indigentiae
966 4043 1166 4117 necessitas,

226 4166 304 4231 quae
341 4143 471 4206 nullam
503 4142 613 4223 legem
644 4141 701 4205 vel
728 4142 894 4206 rationem
927 4140 1093 4216 admittit,
1123 4141 1166 4204 ad

225 4246 299 4308 haec
315 4240 545 4323 infringenda,
568 4242 658 4305 sicut
686 4240 1026 4324 inconsequentibus
1053 4239 1169 4308 decla·

1000 4356 1019 4401 c
