3167 5000
408 477 453 542 42
729 489 843 538 casm
870 489 1062 550 sauream,

250 665 393 706 nervum
410 648 524 731 capite
548 667 586 711 se
611 646 778 711 adversus
807 667 886 710 eum
909 645 1127 728 indignatum
1156 645 1367 724 ostenderet,

248 715 398 817 iiiiiiioind
411 767 452 812 eo
482 747 576 829 qudd
605 746 801 812 Galfridum
838 748 892 810 sui
923 721 1169 823 iusidiatdrem,
1198 746 1294 828 pacis
1331 753 1367 810 et

248 817 342 858 ‘'¹³⁸¹''
411 849 533 930 patriae
555 847 764 930 perditorem
786 854 859 910 tam
880 845 987 911 libere
1001 854 1036 910 et
1049 844 1209 910 indemne
1224 845 1268 910 de
1287 865 1365 910 cus·

248 965 383 1017 mentua
411 945 507 1011 todia
532 945 598 1011 sub
623 946 761 1030 prodire
784 947 1008 1029 permisisset,
1027 947 1173 1010 testibus
1195 946 1260 1009 sibi
1283 966 1365 1009 con·

250 1018 638 1118 :stetissemus
663 1047 738 1127 regi
766 1046 945 1121 satisfecit,
974 1045 1109 1129 injuriis
1138 1065 1176 1110 se
1205 1045 1367 1109 umnec

250 1118 358 1217 ‘effi‘
413 1152 538 1223 tatum,
553 1146 739 1228 suspendio
753 1147 962 1229 proximum,
978 1145 1224 1208 sceleratorum
1236 1145 1366 1208 violen-

412 1245 497 1308 tiam
522 1246 556 1308 in
584 1245 714 1309 honore
738 1265 951 1327 perpessum,
975 1244 1188 1327 lenitumque
1214 1244 1367 1321 tandem,

413 1345 507 1408 etad
530 1344 667 1408 solitam
690 1345 875 1408 amicitiam
898 1344 1079 1408 reductum
1095 1344 1237 1409 Batiam
1258 1344 1365 1409 iutro-

412 1443 525 1508 duxit.
579 1443 810 1508 Oonsiderans
834 1464 898 1508 rex
928 1444 1078 1508 civitatis
1107 1445 1286 1520 ambitum,
1312 1451 1365 1508 to-

414 1550 556 1626 tumque
579 1544 792 1626 perlustrans
814 1544 850 1606 in
872 1543 997 1625 girum,
1012 1543 1126 1606 locum
1148 1544 1367 1626 inexpugna-

412 1643 527 1720 bilem,
557 1650 592 1706 et
623 1644 667 1706 ad
703 1643 930 1706 resistendum
963 1642 1176 1706 habillimum
1213 1644 1366 1706 animad-

251 1767 397 1818 rrameu.
414 1743 536 1822 vertit3
558 1741 706 1824 ideoque
729 1761 847 1806 muros
868 1740 974 1807 altibs
999 1742 1148 1819 sustolli,
1170 1762 1367 1825 propugna-

250 1819 320 1928 liti?
319 1820 402 1908 liddae
414 1841 492 1905 cula
515 1843 551 1905 in
576 1841 758 1906 devectum
782 1841 921 1923 surrigi,
950 1841 1190 1924 frequentique
1219 1843 1366 1906 militum

250 1919 392 2007 ddttt⁸⁰⁰¹
414 1940 569 2006 adhibita
584 1940 742 2006 custodia
760 1941 804 2004 ad
817 1941 1035 2005 Bristoenses
1049 1942 1275 2007 coarctandus
1289 1941 1366 2005 dili-

414 2048 546 2122 genter,
564 2049 599 2105 et
619 2039 720 2106 caute
743 2041 851 2124 jussit
875 2042 1070 2105 observare.
1123 2040 1211 2105 Inde
1236 2041 1288 2105 ad'
1304 2042 1367 2104 im-

414 2142 598 2223 postricem
624 2141 799 2205 Bristoam
822 2140 1030 2222 digrediens»,
1056 2137 1164 2223 prope
1192 2142 1369 2205 civitatem

415 2241 585 2304 conduxit
609 2241 812 2317 exercitum,
841 2240 1095 2321 baronibusque
1123 2241 1370 2321 percunctatis,

415 2346 451 2403 et
478 2341 514 2402 in
543 2358 723 2404 commune
752 2340 930 2416 consultis,
960 2347 1092 2422 quanto
1121 2338 1263 2420 gravide
1292 2359 1368 2404 eam

415 2439 583 2517 obsidere,
610 2439 734 2523 quibus
770 2438 918 2522 ingeniis
946 2437 1119 2505 valentius
1152 2457 1368 2523 expugnare,

415 2547 502 2622 quot
520 2539 630 2604 modis
656 2538 854 2623 expeditibs
874 2547 993 2621 posset
1014 2540 1219 2620 degravare,
1235 2541 1369 2604 varium

414 2646 451 2703 et
472 2639 654 2716 incertum,
677 2639 866 2704 secundum
891 2659 971 2722 quae
997 2638 1029 2702 ei
1053 2638 1112 2703 isti
1137 2637 1294 2716 fidenter,
1318 2639 1369 2705 illi

412 2738 651 2803 fraudulenter
679 2740 967 2822 obsequebantur,
1004 2738 1133 2821 recepit
1163 2739 1369 2804 consultum.

252 2852 380 2943 υίίίΐςτειιιἰ
414 2837 486 2902 Alii
510 2847 625 2903 autem
647 2838 850 2916 suadebant,
875 2839 936 2902 ubi
961 2838 1113 2901 civitatis
1140 2838 1267 2902 ostium
1292 2858 1369 2904 arc·

250 2914 381 2995 ideiiiid.
414 2938 495 3021 tatis
520 2936 677 3001 faucibus
704 2936 885 3019 angustius
911 2937 1037 3015 coibat,
1060 2937 1242 3019 plurimam
1266 2958 1370 3019 gran-

414 3036 510 3100 dium
531 3036 698 3118 lapidum,
713 3036 899 3119 lignorum,
918 3044 954 3100 et
977 3037 1146 3118 cespitum
1167 3037 1292 3101 molem
1315 3039 1369 3101 in-

414 3134 569 3219 jectare:
593 3136 756 3219 quatinus
780 3136 878 3201 aditu
900 3143 1021 3219 portus
1042 3134 1224 3214 obdurato,
1242 3144 1280 3201 et
1301 3139 1372 3202 suf-

416 3236 566 3317 fragium
591 3255 710 3300 eorum
738 3256 784 3299 ex
813 3235 1057 3317 remigantium
1086 3235 1216 3314 labore,
1235 3237 1272 3299 in
1299 3242 1370 3319 quo

413 3335 587 3418 praecipue
614 3335 845 3414 confidebant,
868 3336 990 3400 adesse
1020 3335 1215 3413 desisteret,
1237 3343 1279 3399 et
1304 3337 1371 3400 flu·

414 3435 462 3499 vii
491 3435 584 3499 circa
615 3436 803 3512 civitatem,
834 3443 874 3500 ut
904 3435 1034 3499 dictum
1066 3441 1131 3513 est,
1160 3435 1370 3517 promentes,

413 3533 603 3615 intercepto
629 3552 731 3597 cursu
754 3541 943 3598 retrorsum
962 3535 998 3599 in
1020 3535 1152 3616 seipsos
1167 3543 1371 3613 crescerent,

413 3632 517 3713 inque
546 3639 709 3714 stagnum
738 3633 784 3697 ad
813 3633 923 3698 instar
949 3634 1078 3716 pelagi,
1093 3633 1215 3711 latum,
1230 3641 1266 3698 et
1291 3655 1371 3717 pro·

413 3732 558 3796 fundum
598 3751 674 3797 sese
710 3732 964 3815 recolligentes
1001 3733 1202 3798 citissimam
1238 3734 1372 3800 civitati

413 3832 667 3914 praetenderent
687 3833 969 3898 submersionem.
1022 3832 1231 3897 Laudabant
1255 3835 1372 3912 etiam,

415 3950 459 3994 ex
476 3930 610 3996 duabus
627 3932 778 3996 civitatis
802 3934 959 4015 partibus
981 3931 1133 3996 castellis
1155 3936 1371 4012 constructis,

415 4028 591 4111 ingressus
621 4050 740 4094 eorum
766 4039 802 4096 ct
827 4050 1000 4113 egressus,
1025 4032 1085 4113 qui
1114 4032 1278 4114 pontibus
1303 4033 1372 4097 fre-

415 4131 682 4211 quentabantur,
711 4139 856 4208 arceret,
897 4133 972 4214 ipse
996 4130 1079 4195 verb
1108 4131 1263 4195 exercitu
1292 4140 1373 4197 ante

417 4228 561 4294 Comitis
598 4231 776 4297 castellum
808 4231 986 4314 aliquanto
1027 4238 1182 4314 tempore
1220 4230 1373 4310 detento,
