<?xml version="1.0" encoding="UTF-8"?>
<!DOCTYPE html PUBLIC "-//W3C//DTD XHTML 1.0 Transitional//EN"
    "http://www.w3.org/TR/xhtml1/DTD/xhtml1-transitional.dtd">
<html xmlns="http://www.w3.org/1999/xhtml" xml:lang="en" lang="en">
 <head>
  <title>
</title>
<meta http-equiv="Content-Type" content="text/html;charset=utf-8" />
  <meta name='ocr-system' content='tesseract 3.04.00' />
  <meta name='ocr-capabilities' content='ocr_page ocr_carea ocr_par ocr_line ocrx_word'/>
</head>
<body>
  <div class='ocr_page' id='page_1' title='image "./gestastephanire00sewegoog_0100.png"; bbox 0 0 3167 5000; ppageno 0'>
   <div class='ocr_carea' id='block_1_1' title="bbox 521 473 1168 537">
    <p class='ocr_par' dir='ltr' id='par_1_1' title="bbox 521 473 1168 537">
     <span class='ocr_line' id='line_1_1' title="bbox 521 473 1168 537; baseline 0.006 -4"><span class='ocrx_word' id='word_1_1' title='bbox 521 486 627 533; x_wconf 76' lang='lat' dir='ltr'><strong>necis</strong></span> <span class='ocrx_word' id='word_1_2' title='bbox 654 487 866 536; x_wconf 74' lang='lat' dir='ltr'><strong>succorum.</strong></span> <span class='ocrx_word' id='word_1_3' title='bbox 1124 473 1168 537; x_wconf 83' lang='grc'><strong>79</strong></span> 
     </span>
    </p>
   </div>
   <div class='ocr_carea' id='block_1_2' title="bbox 213 644 1166 728">
    <p class='ocr_par' dir='ltr' id='par_1_2' title="bbox 213 644 1166 728">
     <span class='ocr_line' id='line_1_2' title="bbox 213 644 1166 728; baseline 0 -19"><span class='ocrx_word' id='word_1_4' title='bbox 213 644 297 709; x_wconf 81' lang='lat' dir='ltr'><strong>sime</strong></span> <span class='ocrx_word' id='word_1_5' title='bbox 323 645 452 707; x_wconf 90' lang='lat' dir='ltr'><strong>irruere</strong></span> <span class='ocrx_word' id='word_1_6' title='bbox 469 644 569 721; x_wconf 91' lang='lat' dir='ltr'><strong>velle,</strong></span> <span class='ocrx_word' id='word_1_7' title='bbox 585 644 684 725; x_wconf 80' lang='lat' dir='ltr'><strong>quasi</strong></span> <span class='ocrx_word' id='word_1_8' title='bbox 699 644 975 726; x_wconf 82' lang='lat' dir='ltr'><strong>frequentissima</strong></span> <span class='ocrx_word' id='word_1_9' title='bbox 991 664 1034 708; x_wconf 85' lang='lat' dir='ltr'><strong>ex</strong></span> <span class='ocrx_word' id='word_1_10' title='bbox 1050 646 1166 728; x_wconf 88' lang='lat' dir='ltr'><strong>apium</strong></span> 
     </span>
    </p>
   </div>
   <div class='ocr_carea' id='block_1_3' title="bbox 178 744 1330 4196">
    <p class='ocr_par' dir='ltr' id='par_1_3' title="bbox 178 744 1330 3980">
     <span class='ocr_line' id='line_1_3' title="bbox 214 744 1166 827; baseline 0.002 -20"><span class='ocrx_word' id='word_1_11' title='bbox 214 744 372 808; x_wconf 81' lang='lat' dir='ltr'><strong>alveariis</strong></span> <span class='ocrx_word' id='word_1_12' title='bbox 396 744 556 807; x_wconf 89' lang='lat' dir='ltr'><strong>examina</strong></span> <span class='ocrx_word' id='word_1_13' title='bbox 584 744 743 807; x_wconf 81' lang='lat' dir='ltr'><strong>reseratis</strong></span> <span class='ocrx_word' id='word_1_14' title='bbox 767 745 875 825; x_wconf 89' lang='lat' dir='ltr'><strong>portis</strong></span> <span class='ocrx_word' id='word_1_15' title='bbox 904 746 1033 826; x_wconf 89' lang='lat' dir='ltr'><strong>pariter</strong></span> <span class='ocrx_word' id='word_1_16' title='bbox 1055 746 1166 827; x_wconf 91' lang='lat' dir='ltr'><strong>prodi·</strong></span> 
     </span>
     <span class='ocr_line' id='line_1_4' title="bbox 213 841 1166 926; baseline 0.002 -20"><span class='ocrx_word' id='word_1_17' title='bbox 213 850 324 907; x_wconf 89' lang='lat' dir='ltr'><strong>erunt.</strong></span> <span class='ocrx_word' id='word_1_18' title='bbox 378 843 447 907; x_wconf 83' lang='lat' dir='ltr'><strong>Illa</strong></span> <span class='ocrx_word' id='word_1_19' title='bbox 474 850 601 919; x_wconf 89' lang='lat' dir='ltr'><strong>autem,</strong></span> <span class='ocrx_word' id='word_1_20' title='bbox 630 841 709 906; x_wconf 81' lang='lat' dir='ltr'><strong>edm</strong></span> <span class='ocrx_word' id='word_1_21' title='bbox 734 844 928 925; x_wconf 89' lang='lat' dir='ltr'><strong>coquinatis</strong></span> <span class='ocrx_word' id='word_1_22' title='bbox 950 845 1096 926; x_wconf 82' lang='lat' dir='ltr'><strong>dapibus</strong></span> <span class='ocrx_word' id='word_1_23' title='bbox 1116 846 1166 908; x_wconf 91' lang='lat' dir='ltr'><strong>ni-</strong></span> 
     </span>
     <span class='ocr_line' id='line_1_5' title="bbox 214 942 1164 1026; baseline 0.004 -22"><span class='ocrx_word' id='word_1_24' title='bbox 214 943 319 1005; x_wconf 91' lang='lat' dir='ltr'><strong>mium</strong></span> <span class='ocrx_word' id='word_1_25' title='bbox 334 942 510 1018; x_wconf 87' lang='lat' dir='ltr'><strong>audacter,</strong></span> <span class='ocrx_word' id='word_1_26' title='bbox 525 942 734 1023; x_wconf 87' lang='lat' dir='ltr'><strong>nimiumque</strong></span> <span class='ocrx_word' id='word_1_27' title='bbox 749 942 870 1006; x_wconf 75' lang='lat' dir='ltr'><strong>secure</strong></span> <span class='ocrx_word' id='word_1_28' title='bbox 884 945 1082 1008; x_wconf 88' lang='lat' dir='ltr'><strong>recumbere</strong></span> <span class='ocrx_word' id='word_1_29' title='bbox 1088 944 1164 1026; x_wconf 88' lang='lat' dir='ltr'><strong>jam</strong></span> 
     </span>
     <span class='ocr_line' id='line_1_6' title="bbox 214 1039 1163 1124; baseline 0.002 -21"><span class='ocrx_word' id='word_1_30' title='bbox 214 1042 458 1124; x_wconf 87' lang='lat' dir='ltr'><strong>proposuisset,</strong></span> <span class='ocrx_word' id='word_1_31' title='bbox 485 1039 603 1105; x_wconf 91' lang='lat' dir='ltr'><strong>audito</strong></span> <span class='ocrx_word' id='word_1_32' title='bbox 632 1041 780 1104; x_wconf 89' lang='lat' dir='ltr'><strong>civitatis</strong></span> <span class='ocrx_word' id='word_1_33' title='bbox 810 1041 979 1105; x_wconf 90' lang='lat' dir='ltr'><strong>horrendo</strong></span> <span class='ocrx_word' id='word_1_34' title='bbox 1002 1043 1163 1120; x_wconf 88' lang='lat' dir='ltr'><strong>tumultu,</strong></span> 
     </span>
     <span class='ocr_line' id='line_1_7' title="bbox 215 1138 1291 1245; baseline 0.002 -42"><span class='ocrx_word' id='word_1_35' title='bbox 215 1148 249 1203; x_wconf 88' lang='lat' dir='ltr'><strong>et</strong></span> <span class='ocrx_word' id='word_1_36' title='bbox 275 1160 297 1204; x_wconf 90' lang='lat' dir='ltr'><strong>a</strong></span> <span class='ocrx_word' id='word_1_37' title='bbox 320 1140 469 1221; x_wconf 90' lang='lat' dir='ltr'><strong>quodam</strong></span> <span class='ocrx_word' id='word_1_38' title='bbox 491 1140 533 1203; x_wconf 91' lang='lat' dir='ltr'><strong>de</strong></span> <span class='ocrx_word' id='word_1_39' title='bbox 555 1139 746 1222; x_wconf 86' lang='lat' dir='ltr'><strong>proditione</strong></span> <span class='ocrx_word' id='word_1_40' title='bbox 767 1141 803 1202; x_wconf 90' lang='lat' dir='ltr'><strong>in</strong></span> <span class='ocrx_word' id='word_1_41' title='bbox 825 1158 901 1203; x_wconf 90' lang='lat' dir='ltr'><strong>eam</strong></span> <span class='ocrx_word' id='word_1_42' title='bbox 915 1139 1089 1205; x_wconf 70' lang='lat' dir='ltr'><strong>concitati</strong></span> <span class='ocrx_word' id='word_1_43' title='bbox 1109 1161 1164 1205; x_wconf 91' lang='lat' dir='ltr'><strong>se-</strong></span> <span class='ocrx_word' id='word_1_44' title='bbox 1173 1138 1291 1245; x_wconf 46' lang='lat' dir='ltr'><strong>mel?</strong></span> 
     </span>
     <span class='ocr_line' id='line_1_8' title="bbox 214 1217 1314 1321; baseline 0.003 -19"><span class='ocrx_word' id='word_1_45' title='bbox 214 1240 306 1302; x_wconf 79' lang='lat' dir='ltr'><strong>crete</strong></span> <span class='ocrx_word' id='word_1_46' title='bbox 321 1239 521 1321; x_wconf 86' lang='lat' dir='ltr'><strong>permonita,</strong></span> <span class='ocrx_word' id='word_1_47' title='bbox 536 1238 629 1319; x_wconf 86' lang='lat' dir='ltr'><strong>sugee</strong></span> <span class='ocrx_word' id='word_1_48' title='bbox 644 1238 858 1302; x_wconf 75' lang='lat' dir='ltr'><strong>velocissime</strong></span> <span class='ocrx_word' id='word_1_49' title='bbox 872 1239 1070 1321; x_wconf 74' lang='lat' dir='ltr'><strong>praesidium</strong></span> <span class='ocrx_word' id='word_1_50' title='bbox 1085 1260 1164 1304; x_wconf 90' lang='lat' dir='ltr'><strong>cum</strong></span> <span class='ocrx_word' id='word_1_51' title='bbox 1175 1217 1314 1305; x_wconf 59' lang='lat' dir='ltr'><strong>,militis</strong></span> 
     </span>
     <span class='ocr_line' id='line_1_9' title="bbox 215 1336 1164 1420; baseline 0.001 -19"><span class='ocrx_word' id='word_1_52' title='bbox 215 1339 370 1401; x_wconf 89' lang='lat' dir='ltr'><strong>omnibus</strong></span> <span class='ocrx_word' id='word_1_53' title='bbox 395 1339 466 1401; x_wconf 90' lang='lat' dir='ltr'><strong>suis</strong></span> <span class='ocrx_word' id='word_1_54' title='bbox 495 1338 649 1420; x_wconf 87' lang='lat' dir='ltr'><strong>expetiit.</strong></span> <span class='ocrx_word' id='word_1_55' title='bbox 716 1336 873 1418; x_wconf 85' lang='lat' dir='ltr'><strong>Cquue</strong></span> <span class='ocrx_word' id='word_1_56' title='bbox 902 1339 1081 1402; x_wconf 86' lang='lat' dir='ltr'><strong>cursatiles</strong></span> <span class='ocrx_word' id='word_1_57' title='bbox 1111 1359 1164 1402; x_wconf 88' lang='lat' dir='ltr'><strong>as·</strong></span> 
     </span>
     <span class='ocr_line' id='line_1_10' title="bbox 216 1435 1166 1519; baseline 0 -19"><span class='ocrx_word' id='word_1_58' title='bbox 216 1438 307 1501; x_wconf 87' lang='lat' dir='ltr'><strong>censi</strong></span> <span class='ocrx_word' id='word_1_59' title='bbox 329 1456 436 1518; x_wconf 88' lang='lat' dir='ltr'><strong>equos</strong></span> <span class='ocrx_word' id='word_1_60' title='bbox 450 1438 510 1500; x_wconf 89' lang='lat' dir='ltr'><strong>vix</strong></span> <span class='ocrx_word' id='word_1_61' title='bbox 532 1435 759 1501; x_wconf 87' lang='lat' dir='ltr'><strong>antemurales</strong></span> <span class='ocrx_word' id='word_1_62' title='bbox 779 1438 928 1501; x_wconf 88' lang='lat' dir='ltr'><strong>civitatis</strong></span> <span class='ocrx_word' id='word_1_63' title='bbox 943 1437 1062 1501; x_wconf 92' lang='lat' dir='ltr'><strong>domos</strong></span> <span class='ocrx_word' id='word_1_64' title='bbox 1076 1438 1166 1519; x_wconf 89' lang='lat' dir='ltr'><strong>sugi-</strong></span> 
     </span>
     <span class='ocr_line' id='line_1_11' title="bbox 216 1536 1166 1617; baseline 0.002 -18"><span class='ocrx_word' id='word_1_65' title='bbox 216 1536 302 1600; x_wconf 91' lang='lat' dir='ltr'><strong>endo</strong></span> <span class='ocrx_word' id='word_1_66' title='bbox 322 1537 512 1617; x_wconf 91' lang='lat' dir='ltr'><strong>liquissent‚</strong></span> <span class='ocrx_word' id='word_1_67' title='bbox 528 1556 607 1599; x_wconf 88' lang='lat' dir='ltr'><strong>ecoe</strong></span> <span class='ocrx_word' id='word_1_68' title='bbox 628 1536 752 1599; x_wconf 85' lang='lat' dir='ltr'><strong>civium</strong></span> <span class='ocrx_word' id='word_1_69' title='bbox 775 1555 914 1617; x_wconf 89' lang='lat' dir='ltr'><strong>magna,</strong></span> <span class='ocrx_word' id='word_1_70' title='bbox 932 1536 1105 1617; x_wconf 90' lang='lat' dir='ltr'><strong>dictuque,</strong></span> <span class='ocrx_word' id='word_1_71' title='bbox 1131 1544 1166 1601; x_wconf 89' lang='lat' dir='ltr'><strong>et</strong></span> 
     </span>
     <span class='ocr_line' id='line_1_12' title="bbox 216 1634 1165 1717; baseline 0 -18"><span class='ocrx_word' id='word_1_72' title='bbox 216 1636 387 1699; x_wconf 86' lang='lat' dir='ltr'><strong>aestimatu</strong></span> <span class='ocrx_word' id='word_1_73' title='bbox 406 1634 588 1699; x_wconf 90' lang='lat' dir='ltr'><strong>indicibilis</strong></span> <span class='ocrx_word' id='word_1_74' title='bbox 608 1634 718 1716; x_wconf 88' lang='lat' dir='ltr'><strong>copia,</strong></span> <span class='ocrx_word' id='word_1_75' title='bbox 741 1634 902 1715; x_wconf 88' lang='lat' dir='ltr'><strong>hospitia,</strong></span> <span class='ocrx_word' id='word_1_76' title='bbox 919 1654 998 1716; x_wconf 83' lang='lat' dir='ltr'><strong>quae</strong></span> <span class='ocrx_word' id='word_1_77' title='bbox 1018 1635 1165 1717; x_wconf 91' lang='lat' dir='ltr'><strong>relique-</strong></span> 
     </span>
     <span class='ocr_line' id='line_1_13' title="bbox 216 1734 1166 1816; baseline 0.002 -18"><span class='ocrx_word' id='word_1_78' title='bbox 216 1742 293 1798; x_wconf 86' lang='lat' dir='ltr'><strong>rant</strong></span> <span class='ocrx_word' id='word_1_79' title='bbox 316 1735 464 1810; x_wconf 76' lang='lat' dir='ltr'><strong>subienS,</strong></span> <span class='ocrx_word' id='word_1_80' title='bbox 493 1735 733 1815; x_wconf 91' lang='lat' dir='ltr'><strong>quodcumque</strong></span> <span class='ocrx_word' id='word_1_81' title='bbox 761 1734 1048 1815; x_wconf 82' lang='lat' dir='ltr'><strong>impraemeditata</strong></span> <span class='ocrx_word' id='word_1_82' title='bbox 1073 1736 1166 1816; x_wconf 81' lang='lat' dir='ltr'><strong>firgae</strong></span> 
     </span>
     <span class='ocr_line' id='line_1_14' title="bbox 215 1831 1166 1916; baseline 0 -18"><span class='ocrx_word' id='word_1_83' title='bbox 215 1833 379 1898; x_wconf 87' lang='lat' dir='ltr'><strong>velocitas</strong></span> <span class='ocrx_word' id='word_1_84' title='bbox 401 1833 492 1897; x_wconf 88' lang='lat' dir='ltr'><strong>intus</strong></span> <span class='ocrx_word' id='word_1_85' title='bbox 509 1833 718 1909; x_wconf 89' lang='lat' dir='ltr'><strong>deseruerat,</strong></span> <span class='ocrx_word' id='word_1_86' title='bbox 737 1833 827 1896; x_wconf 87' lang='lat' dir='ltr'><strong>sicut</strong></span> <span class='ocrx_word' id='word_1_87' title='bbox 847 1831 1004 1896; x_wconf 91' lang='lat' dir='ltr'><strong>relictum</strong></span> <span class='ocrx_word' id='word_1_88' title='bbox 1024 1833 1166 1916; x_wconf 81' lang='lat' dir='ltr'><strong>invenit,</strong></span> 
     </span>
     <span class='ocr_line' id='line_1_15' title="bbox 216 1931 1167 2013; baseline 0.002 -18"><span class='ocrx_word' id='word_1_89' title='bbox 216 1933 265 1996; x_wconf 91' lang='lat' dir='ltr'><strong>ita</strong></span> <span class='ocrx_word' id='word_1_90' title='bbox 290 1940 325 1997; x_wconf 90' lang='lat' dir='ltr'><strong>et</strong></span> <span class='ocrx_word' id='word_1_91' title='bbox 345 1934 520 1996; x_wconf 87' lang='lat' dir='ltr'><strong>inventum</strong></span> <span class='ocrx_word' id='word_1_92' title='bbox 547 1932 675 2013; x_wconf 91' lang='lat' dir='ltr'><strong>ubique</strong></span> <span class='ocrx_word' id='word_1_93' title='bbox 697 1931 848 2013; x_wconf 89' lang='lat' dir='ltr'><strong>diripuit.</strong></span> <span class='ocrx_word' id='word_1_94' title='bbox 901 1931 1084 1996; x_wconf 88' lang='lat' dir='ltr'><strong>Comitissa</strong></span> <span class='ocrx_word' id='word_1_95' title='bbox 1105 1954 1167 1997; x_wconf 90' lang='lat' dir='ltr'><strong>au-</strong></span> 
     </span>
     <span class='ocr_line' id='line_1_16' title="bbox 216 2030 1165 2113; baseline 0.001 -18"><span class='ocrx_word' id='word_1_96' title='bbox 216 2039 297 2109; x_wconf 88' lang='lat' dir='ltr'><strong>tem,</strong></span> <span class='ocrx_word' id='word_1_97' title='bbox 320 2032 398 2095; x_wconf 86' lang='lat' dir='ltr'><strong>cdm</strong></span> <span class='ocrx_word' id='word_1_98' title='bbox 420 2032 535 2113; x_wconf 90' lang='lat' dir='ltr'><strong>plures</strong></span> <span class='ocrx_word' id='word_1_99' title='bbox 554 2050 671 2094; x_wconf 88' lang='lat' dir='ltr'><strong>secum</strong></span> <span class='ocrx_word' id='word_1_100' title='bbox 691 2032 850 2106; x_wconf 87' lang='lat' dir='ltr'><strong>barones,</strong></span> <span class='ocrx_word' id='word_1_101' title='bbox 869 2030 990 2093; x_wconf 89' lang='lat' dir='ltr'><strong>timore</strong></span> <span class='ocrx_word' id='word_1_102' title='bbox 1009 2039 1165 2111; x_wconf 89' lang='lat' dir='ltr'><strong>urgente,</strong></span> 
     </span>
     <span class='ocr_line' id='line_1_17' title="bbox 216 2129 1165 2211; baseline 0.002 -17"><span class='ocrx_word' id='word_1_103' title='bbox 216 2131 439 2211; x_wconf 75' lang='lat' dir='ltr'><strong>aufugissent,</strong></span> <span class='ocrx_word' id='word_1_104' title='bbox 464 2150 532 2195; x_wconf 92' lang='lat' dir='ltr'><strong>non</strong></span> <span class='ocrx_word' id='word_1_105' title='bbox 561 2137 677 2196; x_wconf 86' lang='lat' dir='ltr'><strong>tamen</strong></span> <span class='ocrx_word' id='word_1_106' title='bbox 703 2130 882 2193; x_wconf 87' lang='lat' dir='ltr'><strong>continuos</strong></span> <span class='ocrx_word' id='word_1_107' title='bbox 911 2148 969 2193; x_wconf 90' lang='lat' dir='ltr'><strong>eos</strong></span> <span class='ocrx_word' id='word_1_108' title='bbox 996 2129 1100 2211; x_wconf 85' lang='lat' dir='ltr'><strong>fugae,</strong></span> <span class='ocrx_word' id='word_1_109' title='bbox 1130 2140 1165 2197; x_wconf 92' lang='lat' dir='ltr'><strong>et</strong></span> 
     </span>
     <span class='ocr_line' id='line_1_18' title="bbox 215 2229 1164 2311; baseline 0.002 -19"><span class='ocrx_word' id='word_1_110' title='bbox 215 2230 433 2311; x_wconf 88' lang='lat' dir='ltr'><strong>dispersionis</strong></span> <span class='ocrx_word' id='word_1_111' title='bbox 447 2249 519 2293; x_wconf 87' lang='lat' dir='ltr'><strong>suae</strong></span> <span class='ocrx_word' id='word_1_112' title='bbox 536 2248 651 2293; x_wconf 89' lang='lat' dir='ltr'><strong>secum</strong></span> <span class='ocrx_word' id='word_1_113' title='bbox 667 2229 788 2294; x_wconf 89' lang='lat' dir='ltr'><strong>habuit</strong></span> <span class='ocrx_word' id='word_1_114' title='bbox 801 2229 963 2292; x_wconf 84' lang='lat' dir='ltr'><strong>comites:</strong></span> <span class='ocrx_word' id='word_1_115' title='bbox 987 2229 1068 2310; x_wconf 87' lang='lat' dir='ltr'><strong>quia</strong></span> <span class='ocrx_word' id='word_1_116' title='bbox 1089 2237 1164 2294; x_wconf 88' lang='lat' dir='ltr'><strong>tan-</strong></span> 
     </span>
     <span class='ocr_line' id='line_1_19' title="bbox 216 2328 1312 2440; baseline 0 -48"><span class='ocrx_word' id='word_1_117' title='bbox 216 2336 271 2392; x_wconf 93' lang='lat' dir='ltr'><strong>tus</strong></span> <span class='ocrx_word' id='word_1_118' title='bbox 294 2335 366 2392; x_wconf 90' lang='lat' dir='ltr'><strong>tam</strong></span> <span class='ocrx_word' id='word_1_119' title='bbox 389 2328 556 2409; x_wconf 86' lang='lat' dir='ltr'><strong>repentini</strong></span> <span class='ocrx_word' id='word_1_120' title='bbox 581 2329 719 2408; x_wconf 88' lang='lat' dir='ltr'><strong>pavoris</strong></span> <span class='ocrx_word' id='word_1_121' title='bbox 743 2328 905 2407; x_wconf 87' lang='lat' dir='ltr'><strong>strepitus</strong></span> <span class='ocrx_word' id='word_1_122' title='bbox 931 2335 1003 2391; x_wconf 90' lang='lat' dir='ltr'><strong>tam</strong></span> <span class='ocrx_word' id='word_1_123' title='bbox 1027 2329 1312 2440; x_wconf 53' lang='lat' dir='ltr'><strong>mirabigggffie</strong></span> 
     </span>
     <span class='ocr_line' id='line_1_20' title="bbox 215 2415 1288 2508; baseline 0.002 -19"><span class='ocrx_word' id='word_1_124' title='bbox 215 2427 293 2491; x_wconf 85' lang='lat' dir='ltr'><strong>liter</strong></span> <span class='ocrx_word' id='word_1_125' title='bbox 308 2447 424 2491; x_wconf 90' lang='lat' dir='ltr'><strong>omues</strong></span> <span class='ocrx_word' id='word_1_126' title='bbox 448 2427 675 2502; x_wconf 84' lang='lat' dir='ltr'><strong>conturbavit,</strong></span> <span class='ocrx_word' id='word_1_127' title='bbox 694 2432 744 2502; x_wconf 93' lang='lat' dir='ltr'><strong>ut,</strong></span> <span class='ocrx_word' id='word_1_128' title='bbox 768 2425 914 2488; x_wconf 88' lang='lat' dir='ltr'><strong>dominae</strong></span> <span class='ocrx_word' id='word_1_129' title='bbox 932 2445 1005 2488; x_wconf 86' lang='lat' dir='ltr'><strong>suae</strong></span> <span class='ocrx_word' id='word_1_130' title='bbox 1028 2446 1175 2508; x_wconf 87' lang='lat' dir='ltr'><strong>prorsus</strong></span> <span class='ocrx_word' id='word_1_131' title='bbox 1282 2415 1288 2430; x_wconf 63' lang='lat'>⁸</span> 
     </span>
     <span class='ocr_line' id='line_1_21' title="bbox 215 2525 1168 2608; baseline 0.001 -17"><span class='ocrx_word' id='word_1_132' title='bbox 215 2528 441 2604; x_wconf 88' lang='lat' dir='ltr'><strong>immemores,</strong></span> <span class='ocrx_word' id='word_1_133' title='bbox 457 2527 522 2590; x_wconf 90' lang='lat' dir='ltr'><strong>sibi</strong></span> <span class='ocrx_word' id='word_1_134' title='bbox 537 2525 653 2608; x_wconf 78' lang='lat' dir='ltr'><strong>potiris</strong></span> <span class='ocrx_word' id='word_1_135' title='bbox 668 2525 831 2606; x_wconf 88' lang='lat' dir='ltr'><strong>fugiendo</strong></span> <span class='ocrx_word' id='word_1_136' title='bbox 842 2525 1069 2602; x_wconf 89' lang='lat' dir='ltr'><strong>consulerent,</strong></span> <span class='ocrx_word' id='word_1_137' title='bbox 1079 2529 1168 2592; x_wconf 85' lang='lat' dir='ltr'><strong>vari·</strong></span> 
     </span>
     <span class='ocr_line' id='line_1_22' title="bbox 217 2623 1167 2708; baseline -0.001 -18"><span class='ocrx_word' id='word_1_138' title='bbox 217 2646 383 2707; x_wconf 80' lang='lat' dir='ltr'><strong>urumque</strong></span> <span class='ocrx_word' id='word_1_139' title='bbox 397 2628 531 2690; x_wconf 89' lang='lat' dir='ltr'><strong>viarum</strong></span> <span class='ocrx_word' id='word_1_140' title='bbox 548 2624 786 2700; x_wconf 89' lang='lat' dir='ltr'><strong>diversiclinia,</strong></span> <span class='ocrx_word' id='word_1_141' title='bbox 802 2643 881 2705; x_wconf 84' lang='lat' dir='ltr'><strong>quae</strong></span> <span class='ocrx_word' id='word_1_142' title='bbox 898 2644 936 2688; x_wconf 89' lang='lat' dir='ltr'><strong>se</strong></span> <span class='ocrx_word' id='word_1_143' title='bbox 956 2623 1057 2688; x_wconf 84' lang='lat' dir='ltr'><strong>citids</strong></span> <span class='ocrx_word' id='word_1_144' title='bbox 1077 2625 1167 2708; x_wconf 84' lang='lat' dir='ltr'><strong>fugi·</strong></span> 
     </span>
     <span class='ocr_line' id='line_1_23' title="bbox 217 2722 1237 2810; baseline -0.001 -21"><span class='ocrx_word' id='word_1_145' title='bbox 217 2727 368 2790; x_wconf 83' lang='lat' dir='ltr'><strong>tentibus</strong></span> <span class='ocrx_word' id='word_1_146' title='bbox 383 2725 601 2810; x_wconf 87' lang='lat' dir='ltr'><strong>objiciebant,</strong></span> <span class='ocrx_word' id='word_1_147' title='bbox 613 2725 809 2800; x_wconf 86' lang='lat' dir='ltr'><strong>subeuntes,</strong></span> <span class='ocrx_word' id='word_1_148' title='bbox 819 2743 881 2805; x_wconf 92' lang='lat' dir='ltr'><strong>per</strong></span> <span class='ocrx_word' id='word_1_149' title='bbox 891 2722 1039 2805; x_wconf 87' lang='lat' dir='ltr'><strong>plurima</strong></span> <span class='ocrx_word' id='word_1_150' title='bbox 1053 2723 1167 2788; x_wconf 86' lang='lat' dir='ltr'><strong>diver·</strong></span> <span class='ocrx_word' id='word_1_151' title='bbox 1234 2731 1237 2736; x_wconf 83' lang='lat'>&#39;</span> 
     </span>
     <span class='ocr_line' id='line_1_24' title="bbox 214 2815 1330 2906; baseline -0.001 -18"><span class='ocrx_word' id='word_1_152' title='bbox 214 2825 334 2900; x_wconf 89' lang='lat' dir='ltr'><strong>ticula,</strong></span> <span class='ocrx_word' id='word_1_153' title='bbox 360 2825 460 2906; x_wconf 90' lang='lat' dir='ltr'><strong>quasi</strong></span> <span class='ocrx_word' id='word_1_154' title='bbox 485 2843 522 2887; x_wconf 91' lang='lat' dir='ltr'><strong>se</strong></span> <span class='ocrx_word' id='word_1_155' title='bbox 543 2823 799 2887; x_wconf 88' lang='lat' dir='ltr'><strong>Londonienses</strong></span> <span class='ocrx_word' id='word_1_156' title='bbox 820 2822 988 2886; x_wconf 86' lang='lat' dir='ltr'><strong>instanter</strong></span> <span class='ocrx_word' id='word_1_157' title='bbox 1012 2823 1167 2904; x_wconf 76' lang='lat' dir='ltr'><strong>inseque</strong></span> <span class='ocrx_word' id='word_1_158' title='bbox 1240 2826 1244 2832; x_wconf 81' lang='grc'><strong>’</strong></span> <span class='ocrx_word' id='word_1_159' title='bbox 1327 2815 1330 2820; x_wconf 68' lang='grc'><strong>’</strong></span> 
     </span>
     <span class='ocr_line' id='line_1_25' title="bbox 217 2921 1167 3004; baseline 0 -17"><span class='ocrx_word' id='word_1_160' title='bbox 217 2931 346 3000; x_wconf 85' lang='lat' dir='ltr'><strong>rentur,</strong></span> <span class='ocrx_word' id='word_1_161' title='bbox 369 2942 434 2988; x_wconf 88' lang='lat' dir='ltr'><strong>sua</strong></span> <span class='ocrx_word' id='word_1_162' title='bbox 462 2923 686 3004; x_wconf 83' lang='lat' dir='ltr'><strong>expetierunt.</strong></span> <span class='ocrx_word' id='word_1_163' title='bbox 745 2921 791 2986; x_wconf 90' lang='lat' dir='ltr'><strong>Et</strong></span> <span class='ocrx_word' id='word_1_164' title='bbox 820 2922 1000 3003; x_wconf 88' lang='lat' dir='ltr'><strong>episeopus</strong></span> <span class='ocrx_word' id='word_1_165' title='bbox 1029 2922 1167 3003; x_wconf 90' lang='lat' dir='ltr'><strong>quidem</strong></span> 
     </span>
     <span class='ocr_line' id='line_1_26' title="bbox 215 3020 1166 3106; baseline -0.001 -19"><span class='ocrx_word' id='word_1_166' title='bbox 215 3023 462 3087; x_wconf 89' lang='lat' dir='ltr'><strong>Wintoniensis</strong></span> <span class='ocrx_word' id='word_1_167' title='bbox 491 3022 594 3106; x_wconf 92' lang='lat' dir='ltr'><strong>hujus</strong></span> <span class='ocrx_word' id='word_1_168' title='bbox 617 3029 656 3084; x_wconf 92' lang='lat' dir='ltr'><strong>ut</strong></span> <span class='ocrx_word' id='word_1_169' title='bbox 677 3021 791 3084; x_wconf 89' lang='lat' dir='ltr'><strong>ferunt</strong></span> <span class='ocrx_word' id='word_1_170' title='bbox 818 3020 976 3085; x_wconf 85' lang='lat' dir='ltr'><strong>factionis</strong></span> <span class='ocrx_word' id='word_1_171' title='bbox 999 3023 1166 3099; x_wconf 88' lang='lat' dir='ltr'><strong>conscius,</strong></span> 
     </span>
     <span class='ocr_line' id='line_1_27' title="bbox 216 3120 1168 3203; baseline 0 -18"><span class='ocrx_word' id='word_1_172' title='bbox 216 3129 251 3185; x_wconf 92' lang='lat' dir='ltr'><strong>et</strong></span> <span class='ocrx_word' id='word_1_173' title='bbox 278 3122 472 3203; x_wconf 83' lang='lat' dir='ltr'><strong>instigator,</strong></span> <span class='ocrx_word' id='word_1_174' title='bbox 502 3121 562 3184; x_wconf 92' lang='lat' dir='ltr'><strong>sed</strong></span> <span class='ocrx_word' id='word_1_175' title='bbox 592 3126 627 3184; x_wconf 90' lang='lat' dir='ltr'><strong>et</strong></span> <span class='ocrx_word' id='word_1_176' title='bbox 656 3121 715 3184; x_wconf 90' lang='lat' dir='ltr'><strong>alii</strong></span> <span class='ocrx_word' id='word_1_177' title='bbox 744 3120 895 3201; x_wconf 87' lang='lat' dir='ltr'><strong>quidam,</strong></span> <span class='ocrx_word' id='word_1_178' title='bbox 918 3127 990 3183; x_wconf 88' lang='lat' dir='ltr'><strong>tam</strong></span> <span class='ocrx_word' id='word_1_179' title='bbox 1016 3121 1168 3203; x_wconf 88' lang='lat' dir='ltr'><strong>episcopi</strong></span> 
     </span>
     <span class='ocr_line' id='line_1_28' title="bbox 217 3218 1167 3303; baseline -0.001 -20"><span class='ocrx_word' id='word_1_180' title='bbox 217 3241 321 3303; x_wconf 91' lang='lat' dir='ltr'><strong>quam</strong></span> <span class='ocrx_word' id='word_1_181' title='bbox 343 3221 472 3302; x_wconf 83' lang='lat' dir='ltr'><strong>cinguli</strong></span> <span class='ocrx_word' id='word_1_182' title='bbox 494 3220 650 3283; x_wconf 90' lang='lat' dir='ltr'><strong>militaris</strong></span> <span class='ocrx_word' id='word_1_183' title='bbox 673 3219 749 3294; x_wconf 85' lang='lat' dir='ltr'><strong>viri,</strong></span> <span class='ocrx_word' id='word_1_184' title='bbox 764 3219 824 3299; x_wconf 91' lang='lat' dir='ltr'><strong>qui</strong></span> <span class='ocrx_word' id='word_1_185' title='bbox 850 3218 895 3282; x_wconf 87' lang='lat' dir='ltr'><strong>ad</strong></span> <span class='ocrx_word' id='word_1_186' title='bbox 920 3218 1093 3281; x_wconf 89' lang='lat' dir='ltr'><strong>dominam</strong></span> <span class='ocrx_word' id='word_1_187' title='bbox 1114 3220 1167 3282; x_wconf 90' lang='lat' dir='ltr'><strong>in·</strong></span> 
     </span>
     <span class='ocr_line' id='line_1_29' title="bbox 216 3316 1168 3400; baseline 0 -18"><span class='ocrx_word' id='word_1_188' title='bbox 216 3319 475 3383; x_wconf 85' lang='lat' dir='ltr'><strong>thronizandam</strong></span> <span class='ocrx_word' id='word_1_189' title='bbox 498 3317 662 3400; x_wconf 76' lang='lat' dir='ltr'><strong>pompose</strong></span> <span class='ocrx_word' id='word_1_190' title='bbox 685 3316 893 3393; x_wconf 87' lang='lat' dir='ltr'><strong>Londonias,</strong></span> <span class='ocrx_word' id='word_1_191' title='bbox 908 3323 943 3379; x_wconf 86' lang='lat' dir='ltr'><strong>et</strong></span> <span class='ocrx_word' id='word_1_192' title='bbox 964 3324 1168 3397; x_wconf 83' lang='lat' dir='ltr'><strong>arroganter</strong></span> 
     </span>
     <span class='ocr_line' id='line_1_30' title="bbox 217 3414 1165 3498; baseline -0.002 -16"><span class='ocrx_word' id='word_1_193' title='bbox 217 3425 459 3494; x_wconf 87' lang='lat' dir='ltr'><strong>convenerant,</strong></span> <span class='ocrx_word' id='word_1_194' title='bbox 484 3416 686 3480; x_wconf 90' lang='lat' dir='ltr'><strong>multimoda</strong></span> <span class='ocrx_word' id='word_1_195' title='bbox 708 3416 802 3498; x_wconf 82' lang='lat' dir='ltr'><strong>fugae</strong></span> <span class='ocrx_word' id='word_1_196' title='bbox 830 3414 975 3479; x_wconf 86' lang='lat' dir='ltr'><strong>latibula</strong></span> <span class='ocrx_word' id='word_1_197' title='bbox 1002 3416 1165 3497; x_wconf 88' lang='lat' dir='ltr'><strong>pernicis·</strong></span> 
     </span>
     <span class='ocr_line' id='line_1_31' title="bbox 215 3513 1314 3619; baseline -0.002 -37"><span class='ocrx_word' id='word_1_198' title='bbox 215 3519 300 3582; x_wconf 78' lang='lat' dir='ltr'><strong>sime</strong></span> <span class='ocrx_word' id='word_1_199' title='bbox 324 3517 490 3582; x_wconf 90' lang='lat' dir='ltr'><strong>adierunt.</strong></span> <span class='ocrx_word' id='word_1_200' title='bbox 543 3515 611 3580; x_wconf 89' lang='lat' dir='ltr'><strong>Illa</strong></span> <span class='ocrx_word' id='word_1_201' title='bbox 624 3514 706 3579; x_wconf 81' lang='lat' dir='ltr'><strong>verb</strong></span> <span class='ocrx_word' id='word_1_202' title='bbox 731 3535 809 3578; x_wconf 90' lang='lat' dir='ltr'><strong>cum</strong></span> <span class='ocrx_word' id='word_1_203' title='bbox 831 3513 936 3578; x_wconf 80' lang='lat' dir='ltr'><strong>fratre</strong></span> <span class='ocrx_word' id='word_1_204' title='bbox 957 3533 1020 3578; x_wconf 90' lang='lat' dir='ltr'><strong>suo</strong></span> <span class='ocrx_word' id='word_1_205' title='bbox 1042 3516 1165 3581; x_wconf 86' lang='lat' dir='ltr'><strong>comite</strong></span> <span class='ocrx_word' id='word_1_206' title='bbox 1175 3527 1314 3619; x_wconf 48' lang='lat' dir='ltr'><strong>algm-</strong></span> 
     </span>
     <span class='ocr_line' id='line_1_32' title="bbox 178 3614 1165 3696; baseline -0.003 -14"><span class='ocrx_word' id='word_1_207' title='bbox 178 3664 184 3674; x_wconf 88' lang='lat'>.</span> <span class='ocrx_word' id='word_1_208' title='bbox 217 3617 435 3693; x_wconf 87' lang='lat' dir='ltr'><strong>Glaornensi,</strong></span> <span class='ocrx_word' id='word_1_209' title='bbox 452 3615 596 3696; x_wconf 90' lang='lat' dir='ltr'><strong>aliisque</strong></span> <span class='ocrx_word' id='word_1_210' title='bbox 620 3615 803 3680; x_wconf 89' lang='lat' dir='ltr'><strong>baronibus</strong></span> <span class='ocrx_word' id='word_1_211' title='bbox 826 3614 1019 3696; x_wconf 88' lang='lat' dir='ltr'><strong>perpaucis,</strong></span> <span class='ocrx_word' id='word_1_212' title='bbox 1041 3615 1165 3695; x_wconf 87' lang='lat' dir='ltr'><strong>quibus</strong></span> 
     </span>
     <span class='ocr_line' id='line_1_33' title="bbox 210 3711 1166 3800; baseline -0.005 -19"><span class='ocrx_word' id='word_1_213' title='bbox 210 3716 389 3800; x_wconf 76' lang='lat' dir='ltr'><strong>praecipue</strong></span> <span class='ocrx_word' id='word_1_214' title='bbox 412 3714 564 3796; x_wconf 81' lang='lat' dir='ltr'><strong>fugiendi</strong></span> <span class='ocrx_word' id='word_1_215' title='bbox 587 3714 801 3796; x_wconf 85' lang='lat' dir='ltr'><strong>oportunitas</strong></span> <span class='ocrx_word' id='word_1_216' title='bbox 823 3712 884 3776; x_wconf 78' lang='lat' dir='ltr'><strong>illd</strong></span> <span class='ocrx_word' id='word_1_217' title='bbox 904 3711 1019 3793; x_wconf 76' lang='lat' dir='ltr'><strong>aptius</strong></span> <span class='ocrx_word' id='word_1_218' title='bbox 1038 3712 1166 3793; x_wconf 91' lang='lat' dir='ltr'><strong>dirige·</strong></span> 
     </span>
     <span class='ocr_line' id='line_1_34' title="bbox 216 3810 1166 3892; baseline -0.006 -11"><span class='ocrx_word' id='word_1_219' title='bbox 216 3819 330 3892; x_wconf 89' lang='lat' dir='ltr'><strong>batur,</strong></span> <span class='ocrx_word' id='word_1_220' title='bbox 346 3815 519 3878; x_wconf 88' lang='lat' dir='ltr'><strong>civitatem</strong></span> <span class='ocrx_word' id='word_1_221' title='bbox 534 3812 775 3878; x_wconf 82' lang='lat' dir='ltr'><strong>Oxenesordiae</strong></span> <span class='ocrx_word' id='word_1_222' title='bbox 799 3812 863 3875; x_wconf 89' lang='lat' dir='ltr'><strong>sub</strong></span> <span class='ocrx_word' id='word_1_223' title='bbox 885 3810 977 3874; x_wconf 89' lang='lat' dir='ltr'><strong>omni</strong></span> <span class='ocrx_word' id='word_1_224' title='bbox 996 3811 1166 3875; x_wconf 88' lang='lat' dir='ltr'><strong>accelera·</strong></span> 
     </span>
     <span class='ocr_line' id='line_1_35' title="bbox 216 3913 471 3980; baseline -0.02 0"><span class='ocrx_word' id='word_1_225' title='bbox 216 3917 308 3980; x_wconf 89' lang='lat' dir='ltr'><strong>tione</strong></span> <span class='ocrx_word' id='word_1_226' title='bbox 324 3913 471 3980; x_wconf 84' lang='lat' dir='ltr'><strong>advenit.</strong></span> 
     </span>
    </p>

    <p class='ocr_par' dir='ltr' id='par_1_4' title="bbox 219 4006 1169 4196">
     <span class='ocr_line' id='line_1_36' title="bbox 269 4006 1169 4094; baseline -0.01 -17"><span class='ocrx_word' id='word_1_227' title='bbox 269 4014 352 4077; x_wconf 89' lang='lat' dir='ltr'><strong>lstis</strong></span> <span class='ocrx_word' id='word_1_228' title='bbox 375 4013 482 4094; x_wconf 86' lang='lat' dir='ltr'><strong>igitur</strong></span> <span class='ocrx_word' id='word_1_229' title='bbox 507 4029 528 4074; x_wconf 86' lang='lat' dir='ltr'><strong>a</strong></span> <span class='ocrx_word' id='word_1_230' title='bbox 554 4007 734 4073; x_wconf 75' lang='lat' dir='ltr'><strong>Londonib</strong></span> <span class='ocrx_word' id='word_1_231' title='bbox 763 4006 825 4071; x_wconf 90' lang='lat' dir='ltr'><strong>tali</strong></span> <span class='ocrx_word' id='word_1_232' title='bbox 853 4007 955 4070; x_wconf 91' lang='lat' dir='ltr'><strong>modo</strong></span> <span class='ocrx_word' id='word_1_233' title='bbox 985 4007 1169 4083; x_wconf 84' lang='lat' dir='ltr'><strong>exterritis,</strong></span> 
     </span>
     <span class='ocr_line' id='line_1_37' title="bbox 219 4106 1169 4196; baseline -0.009 -19"><span class='ocrx_word' id='word_1_234' title='bbox 219 4114 424 4196; x_wconf 86' lang='lat' dir='ltr'><strong>quicumque</strong></span> <span class='ocrx_word' id='word_1_235' title='bbox 450 4110 541 4191; x_wconf 89' lang='lat' dir='ltr'><strong>regis</strong></span> <span class='ocrx_word' id='word_1_236' title='bbox 568 4116 666 4171; x_wconf 89' lang='lat' dir='ltr'><strong>erant</strong></span> <span class='ocrx_word' id='word_1_237' title='bbox 692 4108 856 4183; x_wconf 66' lang='lat' dir='ltr'><strong>fautores</strong></span> <span class='ocrx_word' id='word_1_238' title='bbox 883 4113 918 4169; x_wconf 92' lang='lat' dir='ltr'><strong>et</strong></span> <span class='ocrx_word' id='word_1_239' title='bbox 944 4126 988 4169; x_wconf 86' lang='lat' dir='ltr'><strong>ex</strong></span> <span class='ocrx_word' id='word_1_240' title='bbox 1015 4106 1169 4190; x_wconf 90' lang='lat' dir='ltr'><strong>ejusdem</strong></span> 
     </span>
    </p>
   </div>
   <div class='ocr_carea' id='block_1_4' title="bbox 218 4202 1170 4295">
    <p class='ocr_par' dir='ltr' id='par_1_5' title="bbox 218 4202 1170 4295">
     <span class='ocr_line' id='line_1_38' title="bbox 218 4202 1170 4295; baseline -0.008 -18"><span class='ocrx_word' id='word_1_241' title='bbox 218 4214 377 4295; x_wconf 90' lang='lat' dir='ltr'><strong>captione</strong></span> <span class='ocrx_word' id='word_1_242' title='bbox 404 4209 572 4274; x_wconf 89' lang='lat' dir='ltr'><strong>humiliati</strong></span> <span class='ocrx_word' id='word_1_243' title='bbox 595 4208 885 4290; x_wconf 88' lang='lat' dir='ltr'><strong>deprimebantur,</strong></span> <span class='ocrx_word' id='word_1_244' title='bbox 910 4214 1051 4287; x_wconf 91' lang='lat' dir='ltr'><strong>tamque</strong></span> <span class='ocrx_word' id='word_1_245' title='bbox 1080 4202 1170 4270; x_wconf 71' lang='lat' dir='ltr'><strong>nova</strong></span> 
     </span>
    </p>
   </div>
   <div class='ocr_carea' id='block_1_5' title="bbox 0 0 1594 5000">
    <p class='ocr_par' dir='ltr' id='par_1_6' title="bbox 0 0 1594 5000">
     <span class='ocr_line' id='line_1_39' title="bbox 0 0 1594 5000; baseline 0 0"><span class='ocrx_word' id='word_1_246' title='bbox 0 0 1594 5000; x_wconf 95' lang='lat' dir='ltr'><strong> </strong></span> 
     </span>
    </p>
   </div>
  </div>
 </body>
</html>
