3167 5000
402 445 447 510 46
720 458 834 506 cnsru
860 456 1054 516 srnruunr,

402 617 545 682 insidias
567 624 698 680 texere.
752 617 795 680 In
821 616 877 680 die
899 616 982 680 verb
1006 634 1085 680 cum
1110 612 1265 678 maxima
1280 634 1355 678 rer·

403 717 616 796 liaculorum,
638 724 673 780 et
695 717 843 781 militum
869 714 1005 781 armata
1018 715 1170 779 ,cohorte
1198 717 1285 778 istas
1301 714 1357 777 vel

401 818 481 882 illas
517 817 766 881 Bristoensium
805 824 914 880 terras
954 814 1110 898 aggredi,
1147 835 1237 878 nunc
1276 821 1357 878 ante

402 919 496 1000 ipsas
512 917 662 981 civitatis
677 923 797 998 portas
811 917 911 999 quasi
925 936 988 999 per
1004 916 1201 980 violentiam
1223 914 1356 994 ingres-

403 1019 474 1082 sun'
495 1016 622 1093 subitd,
638 1024 674 1080 et
688 1015 857 1080 horrende
883 1036 961 1080 cum
986 1017 1068 1080 totis
1093 1016 1222 1079 viribus
1248 1032 1356 1096 appa-

403 1136 489 1193 rere,
505 1115 625 1180 domos
647 1123 683 1180 et
704 1117 847 1198 templa,
868 1123 903 1180 et
917 1115 1079 1199 quicquid
1105 1116 1142 1179 in
1164 1116 1280 1196 ignem
1302 1132 1357 1177 re·

405 1215 478 1298 digi
493 1223 640 1298 poterat,
655 1223 691 1280 et
705 1217 860 1280 consumi
884 1262 1095 1281 .......

677 1359 813 1447 [Desunt
826 1364 938 1428 iterum
952 1361 1089 1448 aliqua]

404 1559 548 1579 .....
571 1511 739 1577 immensa
758 1514 863 1577 etiam
886 1512 1074 1577 amicorum
1097 1519 1133 1576 et
1151 1511 1356 1595 splendidis-

403 1613 481 1677 simi
496 1611 691 1677 dominatus
713 1613 873 1676 suffirltus
888 1609 1067 1695 potentii,¹
1085 1612 1255 1677 secundus
1278 1620 1357 1695 post

403 1732 520 1794 regem
542 1713 578 1775 in
600 1713 757 1777 omnibus
778 1714 876 1794 regni
893 1713 1045 1795 imperiis
1066 1712 1265 1776 habebatur.
1318 1712 1356 1775 Is

402 1812 531 1895 itaque,
546 1811 627 1876 licet
641 1813 716 1893 regi
738 1813 946 1888 carissimus
965 1813 1047 1876 licet
1068 1831 1160 1876 curae
1182 1811 1357 1894 palatinae,

404 1913 569 1994 regnique
591 1912 743 1994 negociis
758 1913 890 1976 cunctis
909 1910 1094 1995 specialids
1113 1918 1204 1976 esset
1223 1932 1356 1995 praepo·

403 2011 501 2088 sitne,
526 2010 640 2076 carids
665 2018 792 2089 tamen,
815 2019 851 2075 et
864 2011 1009 2077 amicius
1032 2011 1239 2095 supradietis
1264 2013 1357 2094 regis

405 2110 551 2175 Henrici
573 2111 653 2174 filiis
676 2111 964 2194 compatiebatur,
975 2113 1094 2194 eisque
1108 2111 1212 2176 fidem
1232 2110 1356 2175 firmis-

404 2208 490 2274 sime
516 2218 744 2288 servaturum,
774 2212 1033 2294 subsidiumque
1069 2210 1189 2275 sedule
1225 2212 1356 2294 impen-

403 2329 531 2387 surum,
547 2309 681 2375 occulte
703 2319 820 2375 tamen
841 2332 884 2376 ne
904 2332 1021 2393 regem
1043 2311 1241 2388 offenderet,
1255 2311 1357 2394 polli-

406 2411 527 2488 citanS,
554 2411 697 2475 castella
722 2431 797 2488 sua,
826 2431 905 2494 quae
933 2410 1148 2475 ornatissime
1176 2418 1356 2475 construx-

406 2517 491 2587 erat,
520 2518 593 2575 tam
622 2512 738 2589 armis,
766 2510 872 2595 quam
900 2532 1056 2577 escarum
1085 2512 1194 2595 copiis
1222 2512 1357 2576 munifi-

406 2610 599 2675 centissime
613 2610 790 2688 sarciebat,
805 2611 992 2695 prudenter
1006 2614 1129 2694 etregi
1150 2611 1357 2690 deserviens,

406 2719 443 2775 et
464 2712 628 2795 temporis
653 2713 943 2794 opportunitatem
971 2715 1171 2795 expectans,
1195 2703 1264 2795 qu'o
1289 2713 1357 2776 illis

406 2810 442 2873 in
458 2810 622 2893 Angliam
644 2811 839 2875 adventatis
855 2812 987 2876 virilius
1007 2820 1043 2876 et
1058 2810 1255 2895 expeditius
1276 2814 1357 2876 sub·

406 2911 548 2975 veniret.
609 2911 702 2990 Quia
730 2912 835 2975 etiam
864 2912 1062 2977 eorumdem
1099 2913 1285 2977 adventum
1322 2914 1357 3000 in

406 3011 565 3091 proximo
588 3009 753 3091 Angliam
781 3010 966 3074 affuturum
995 3013 1157 3095 sperabat
1177 3012 1245 3099 (sic
1267 3013 1357 3075 enim

405 3108 456 3173 illi
489 3109 703 3192 frequentids
734 3109 777 3173 de
807 3109 1023 3176 Normannib
1052 3107 1269 3199 manderent)
1299 3133 1357 3177 co·

405 3206 504 3291 piosa
528 3209 827 3274 innumerabilium
852 3211 998 3275 militum
1023 3212 1170 3294 stipatus
1199 3212 1357 3295 frequen·

404 3306 466 3385 tia,
497 3311 598 3393 quasi
628 3310 672 3374 ad
713 3311 983 3375 subveniendum
1012 3312 1043 3375 ei
1072 3331 1133 3376 eos
1162 3312 1357 3389 ductitaret,

404 3410 537 3489 quaevis
560 3410 605 3473 ad
629 3410 718 3486 loca,
734 3417 770 3473 et
783 3410 934 3474 maxime
956 3412 1048 3493 regis
1068 3411 1113 3475 ad
1134 3412 1263 3476 curiam
1278 3432 1357 3495 pro·

406 3506 538 3583 cedere,
558 3527 719 3589 magnam
744 3517 779 3572 et
801 3510 1006 3591 stupendam
1029 3512 1218 3576 amicorum
1241 3512 1357 3577 multi-

405 3605 559 3671 tudinem
593 3605 794 3672 comitatui²
819 3628 884 3673 suo
912 3610 1113 3695 adjungere,
1136 3612 1297 3695 quatinus
1323 3620 1358 3677 et

404 3704 540 3770 interim
563 3714 704 3792 propter
737 3707 803 3773 boc
837 3710 911 3791 regi
943 3710 1183 3794 complaceret,
1216 3720 1252 3777 et
1280 3712 1357 3795 qui·

326 3870 328 3873 .
404 3807 469 3870 bus
493 3806 637 3889 gratius,
659 3807 889 3892 libentidsque
908 3812 1063 3893 parebat,
1085 3813 1115 3877 si
1139 3813 1358 3877 advenissent

441 4054 519 4107 lm
539 4073 630 4120 pem
657 4060 717 4142 ime
740 4064 869 4145 meant.i⁸
905 4095 1127 4151 ·²‘c0mitatni·'
1155 4117 1196 4153 se.
1215 4102 1359 4153 hominibus

404 4127 528 4190 probably
539 4130 623 4212 Roget
637 4130 735 4193 Bishop
751 4132 779 4181 ol
791 4132 869 4183 Sahs-
892 4168 1035 4219 comitam·
1109 4138 1117 4163 ’

404 4198 479 4259 bury.
516 4198 794 4263 cf.Tr1vet,Ann.1o.
