3167 5000
403 500 448 564 70
717 514 831 563 onsrn
853 513 1049 574 scurnum,

406 672 680 737 emendaturum.
732 669 960 754 Qndpropter
976 670 1173 736 consultum
1198 676 1253 734 cst
1272 670 1359 751 regi,

406 780 446 835 ut
473 771 562 847 viro,
594 771 638 835 ad
669 770 783 835 foedus
813 771 1130 852 redintegrandum,
1162 770 1206 833 ad
1238 788 1359 851 paoem

406 869 650 947 innovandam,
681 878 834 953 recepto,
865 871 897 933 si
925 870 1096 953 promissa
1124 867 1227 932 sactis
1253 869 1360 932 adim-

407 970 530 1052 plerct,
562 969 691 1034 tacitus
724 971 935 1045 observaret,
971 970 1090 1052 sicque
1122 968 1166 1031 ad
1197 967 1267 1032 alia
1297 987 1360 1030 ex-

403 1068 536 1152 plenda
578 1069 744 1133 aliorsum
791 1069 978 1133 secederet.
1047 1067 1204 1131 Plurimo
1242 1067 1361 1147 itaque

410 1168 551 1232 evoluto
568 1174 735 1250 tempore,
752 1166 831 1231 edm
845 1187 909 1232 nec
928 1166 1057 1231 comes¹
1076 1167 1180 1230 solito
1199 1164 1360 1229 devotius

411 1267 485 1347 regi
503 1272 651 1348 pareret,
667 1265 816 1350 cumque
838 1267 874 1329 in
891 1265 1126 1342 Lincolnensi,
1143 1284 1221 1329 cnm
1240 1284 1360 1341 uxore,

412 1372 447 1429 et
461 1365 541 1428 filiis
562 1384 780 1430 commorans
802 1365 960 1443 castello,
978 1365 1123 1441 civibus,
1146 1371 1182 1428 et
1203 1362 1361 1427 affinibus

412 1464 489 1528 dira
516 1463 725 1547 injungeret,
745 1466 839 1528 cives
866 1466 940 1547 regi
966 1464 1140 1546 privatim,
1161 1472 1197 1529 et
1226 1462 1361 1527 occulte

412 1564 547 1626 nunciis
573 1564 770 1640 destinatis,
791 1571 832 1628 ut
856 1564 900 1628 ad
929 1564 1088 1628 comitem
1112 1581 1190 1625 cum
1220 1581 1361 1626 suorum

414 1662 588 1743 suffragiis
605 1662 832 1727 obsidendum
848 1660 951 1746 quam
966 1663 1114 1726 festinus
1129 1663 1276 1739 adesset,
1283 1680 1361 1725 cum

414 1759 524 1825 multi
553 1761 806 1844 supplicatione
838 1760 968 1844 saepirls
993 1759 1214 1826 mandarunt.
1282 1758 1363 1824 Rex

415 1870 532 1923 autem
555 1860 710 1943 repente,
724 1868 760 1925 et
775 1860 963 1943 improvise
978 1860 1178 1937 adveniens,
1192 1879 1214 1923 a
1229 1860 1363 1924 civibus

412 1967 608 2041 susceptus,
636 1959 818 2024 castellum
850 1966 1055 2025 evacuatum
1095 1958 1183 2042 penb
1219 1959 1364 2035 invenit,

415 2058 572 2140 exceptis
606 2078 729 2135 uxore,
762 2067 798 2124 et
836 2058 944 2124 fratre
982 2059 1132 2134 comitis,
1174 2059 1364 2141 paucisque

416 2175 535 2220 eorum
563 2157 803 2239 suffraganeis,
831 2178 919 2240 quos
947 2158 1050 2234 idem,
1082 2178 1163 2239 rege
1188 2158 1364 2221 civitatem

418 2256 599 2333 subeunte,
623 2257 672 2320 ibi
699 2257 908 2340 relinquens,
941 2258 1000 2321 vix
1032 2276 1054 2320 a
1086 2257 1232 2320 castello
1268 2257 1364 2320 solus

272 2378 345 2457 aoeep
418 2353 551 2435 effugit.
597 2352 696 2436 Rege
712 2356 831 2437 itaque
846 2364 1059 2431 constanter,
1067 2363 1104 2420 et
1120 2354 1272 2420 animose
1287 2375 1364 2419 cas·

344 2445 350 2457 '
421 2453 540 2517 tellum
561 2455 751 2532 obsidente,
770 2457 898 2539 quique
926 2455 1191 2521 includebantur
1216 2454 1364 2533 balistis,

417 2561 453 2616 et
467 2553 545 2617 aliis
562 2554 690 2618 diversi
713 2555 821 2619 studii
844 2555 1012 2620 machinis
1035 2554 1239 2636 gravissime
1260 2555 1364 2618 infes-

417 2658 526 2728 tante,
543 2671 658 2716 comes
677 2654 834 2731 Cestriee,
860 2654 1034 2719 mandatis
1055 2652 1211 2719 Roberto
1240 2655 1365 2718 comite

418 2749 609 2829 Glaorniae,
627 2752 687 2816 sed
710 2761 746 2818 et
760 2753 907 2831 Milone,
933 2762 969 2819 et
995 2755 1164 2830 omnibus,
1192 2753 1307 2835 quise
1328 2753 1365 2816 iu

417 2869 533 2930 regem
548 2849 735 2929 armarant,
753 2853 815 2915 sed
832 2860 868 2917 et
885 2853 1101 2937 Walensium
1119 2853 1220 2934 gravi
1236 2871 1365 2927 secum,

418 2957 453 3011 et
475 2948 683 3014 intolerabili
710 2950 882 3016 conducti
904 2952 1135 3029 multitudine,
1153 2949 1224 3016 nni
1249 2970 1367 3015 omnes

419 3047 686 3129 conspiratione,
702 3049 771 3112 imd
797 3058 833 3113 et
857 3051 1019 3116 concordi
1041 3051 1157 3114 animo
1183 3051 1227 3114 ad
1249 3069 1366 3132 regem

405 3148 689 3228 expugnandum
706 3150 838 3230 pariter
849 3160 1095 3213 convenerunt.
1148 3149 1236 3213 Erat
1250 3157 1367 3213 antem

297 3268 342 3297 ens·
421 3244 567 3310 festivus
587 3246 845 3312 Purificatiouis
865 3249 950 3313 dies.
1003 3248 1160 3332 Cbmque
1180 3250 1217 3313 in
1235 3268 1368 3313 summo

421 3344 573 3409 diluculo
602 3347 783 3411 missarum
808 3348 976 3412 solemnia
1001 3349 1226 3425 celebrarent,
1244 3358 1280 3412 et
1304 3367 1367 3410 rex

421 3443 609 3526 secuudum
637 3447 739 3508 ritum
774 3447 854 3522 diei,
877 3456 913 3510 et
942 3447 1103 3524 officium,
1126 3466 1309 3511 accensum
1331 3448 1368 3518 in

421 3560 524 3603 manu
547 3561 682 3606 cereum
705 3552 871 3624 gestaret,
894 3546 1010 3609 lumen
1026 3547 1140 3629 ipsum
1165 3545 1281 3610 subitd
1307 3565 1368 3618 en-

420 3640 579 3718 tinctum‚
603 3642 662 3704 sed
691 3651 726 3706 et
748 3662 881 3720 cereus,
909 3655 948 3708 ut
972 3646 1081 3722 aiunt,
1104 3664 1288 3728 parumper
1315 3646 1369 3709 in·

419 3738 562 3818 fractus
577 3749 802 3824 retentusque
825 3750 940 3807 tamen
958 3746 993 3807 in
1010 3764 1113 3808 mann
1137 3745 1369 3808 resarcinatus

419 3837 497 3916 suit,
515 3847 551 3904 et
566 3841 692 3906 iterato
718 3861 909 3907 accensus:
933 3844 1068 3924 signum
1086 3844 1259 3920 videlicet,
1277 3843 1370 3925 qudd

419 3946 561 4018 propter
584 3949 765 4020 peccatum
799 3962 899 4004 suum
933 3943 1032 4024 regni
1065 3942 1229 4007 bonorem
1268 3943 1370 4011 amit-

421 4044 520 4113 teret,
544 4039 763 4121 tandemque,
790 4039 917 4105 exacti
947 4040 1165 4123 poenitentiis,
1195 4043 1271 4105 Deo
1304 4042 1371 4104 sibi
1458 4077 1461 4084 ·

807 4252 820 4300 ¹,
828 4271 870 4306 sc.
882 4256 998 4314 Cestriae.
