<?xml version="1.0" encoding="UTF-8"?>
<!DOCTYPE html PUBLIC "-//W3C//DTD XHTML 1.0 Transitional//EN"
    "http://www.w3.org/TR/xhtml1/DTD/xhtml1-transitional.dtd">
<html xmlns="http://www.w3.org/1999/xhtml" xml:lang="en" lang="en">
 <head>
  <title>
</title>
<meta http-equiv="Content-Type" content="text/html;charset=utf-8" />
  <meta name='ocr-system' content='tesseract 3.04.00' />
  <meta name='ocr-capabilities' content='ocr_page ocr_carea ocr_par ocr_line ocrx_word'/>
</head>
<body>
  <div class='ocr_page' id='page_1' title='image "./gestastephanire00sewegoog_0110.png"; bbox 0 0 3167 5000; ppageno 0'>
   <div class='ocr_carea' id='block_1_1' title="bbox 519 474 1175 540">
    <p class='ocr_par' dir='ltr' id='par_1_1' title="bbox 519 474 1175 540">
     <span class='ocr_line' id='line_1_1' title="bbox 519 474 1175 540; baseline 0 -3"><span class='ocrx_word' id='word_1_1' title='bbox 519 489 627 540; x_wconf 77' lang='lat' dir='ltr'><strong>exors</strong></span> <span class='ocrx_word' id='word_1_2' title='bbox 652 488 867 537; x_wconf 75' lang='lat' dir='ltr'><strong>succorum.</strong></span> <span class='ocrx_word' id='word_1_3' title='bbox 1129 474 1175 537; x_wconf 88' lang='lat'><strong>89</strong></span> 
     </span>
    </p>
   </div>
   <div class='ocr_carea' id='block_1_2' title="bbox 218 644 1278 1123">
    <p class='ocr_par' dir='ltr' id='par_1_2' title="bbox 218 644 1278 1123">
     <span class='ocr_line' id='line_1_2' title="bbox 218 644 1173 727; baseline 0.004 -20"><span class='ocrx_word' id='word_1_4' title='bbox 218 646 357 727; x_wconf 83' lang='lat' dir='ltr'>regione</span> <span class='ocrx_word' id='word_1_5' title='bbox 383 645 499 708; x_wconf 85' lang='lat' dir='ltr'><strong>subite</strong></span> <span class='ocrx_word' id='word_1_6' title='bbox 533 644 683 721; x_wconf 87' lang='lat' dir='ltr'><strong>advenit,</strong></span> <span class='ocrx_word' id='word_1_7' title='bbox 714 664 926 726; x_wconf 81' lang='lat' dir='ltr'><strong>cernensque</strong></span> <span class='ocrx_word' id='word_1_8' title='bbox 958 646 1173 711; x_wconf 87' lang='lat' dir='ltr'><strong>adversarios</strong></span> 
     </span>
     <span class='ocr_line' id='line_1_3' title="bbox 218 743 1172 827; baseline 0.001 -20"><span class='ocrx_word' id='word_1_9' title='bbox 218 746 255 807; x_wconf 91' lang='lat' dir='ltr'><strong>in</strong></span> <span class='ocrx_word' id='word_1_10' title='bbox 277 763 438 825; x_wconf 90' lang='lat' dir='ltr'><strong>magnam</strong></span> <span class='ocrx_word' id='word_1_11' title='bbox 461 744 596 824; x_wconf 86' lang='lat' dir='ltr'><strong>copiam</strong></span> <span class='ocrx_word' id='word_1_12' title='bbox 618 744 786 807; x_wconf 87' lang='lat' dir='ltr'><strong>conflatos</strong></span> <span class='ocrx_word' id='word_1_13' title='bbox 808 743 827 806; x_wconf 90' lang='lat' dir='ltr'><strong>e</strong></span> <span class='ocrx_word' id='word_1_14' title='bbox 849 746 990 808; x_wconf 86' lang='lat' dir='ltr'><strong>civitate</strong></span> <span class='ocrx_word' id='word_1_15' title='bbox 1004 746 1172 827; x_wconf 80' lang='lat' dir='ltr'>prodisse,</span> 
     </span>
     <span class='ocr_line' id='line_1_4' title="bbox 220 842 1172 928; baseline 0.003 -23"><span class='ocrx_word' id='word_1_16' title='bbox 220 842 387 925; x_wconf 89' lang='lat' dir='ltr'><strong>aliosque,</strong></span> <span class='ocrx_word' id='word_1_17' title='bbox 412 843 487 906; x_wconf 93' lang='lat' dir='ltr'><strong>solo</strong></span> <span class='ocrx_word' id='word_1_18' title='bbox 517 842 623 907; x_wconf 85' lang='lat' dir='ltr'><strong>fluvio</strong></span> <span class='ocrx_word' id='word_1_19' title='bbox 649 843 842 919; x_wconf 80' lang='lat' dir='ltr'><strong>dirimente,</strong></span> <span class='ocrx_word' id='word_1_20' title='bbox 859 844 973 907; x_wconf 87' lang='lat' dir='ltr'><strong>verbis</strong></span> <span class='ocrx_word' id='word_1_21' title='bbox 994 844 1172 928; x_wconf 89' lang='lat' dir='ltr'><strong>injuriosis</strong></span> 
     </span>
     <span class='ocr_line' id='line_1_5' title="bbox 222 941 1172 1018; baseline 0.003 -15"><span class='ocrx_word' id='word_1_22' title='bbox 222 960 271 1017; x_wconf 89' lang='lat' dir='ltr'><strong>se,</strong></span> <span class='ocrx_word' id='word_1_23' title='bbox 290 948 325 1004; x_wconf 88' lang='lat' dir='ltr'><strong>et</strong></span> <span class='ocrx_word' id='word_1_24' title='bbox 352 960 434 1006; x_wconf 89' lang='lat' dir='ltr'><strong>suos</strong></span> <span class='ocrx_word' id='word_1_25' title='bbox 457 942 638 1017; x_wconf 82' lang='lat' dir='ltr'><strong>lacessere,</strong></span> <span class='ocrx_word' id='word_1_26' title='bbox 657 942 742 1005; x_wconf 88' lang='lat' dir='ltr'><strong>alios</strong></span> <span class='ocrx_word' id='word_1_27' title='bbox 767 941 861 1018; x_wconf 83' lang='lat' dir='ltr'><strong>vere,</strong></span> <span class='ocrx_word' id='word_1_28' title='bbox 876 944 1032 1005; x_wconf 87' lang='lat' dir='ltr'><strong>excussis</strong></span> <span class='ocrx_word' id='word_1_29' title='bbox 1059 944 1172 1007; x_wconf 86' lang='lat' dir='ltr'><strong>valide</strong></span> 
     </span>
     <span class='ocr_line' id='line_1_6' title="bbox 221 1038 1278 1123; baseline 0.005 -22"><span class='ocrx_word' id='word_1_30' title='bbox 221 1040 264 1103; x_wconf 89' lang='lat' dir='ltr'><strong>de</strong></span> <span class='ocrx_word' id='word_1_31' title='bbox 291 1059 398 1103; x_wconf 91' lang='lat' dir='ltr'><strong>cornu</strong></span> <span class='ocrx_word' id='word_1_32' title='bbox 423 1041 571 1121; x_wconf 72' lang='lat' dir='ltr'><strong>sagittis</strong></span> <span class='ocrx_word' id='word_1_33' title='bbox 594 1059 676 1103; x_wconf 89' lang='lat' dir='ltr'><strong>suos</strong></span> <span class='ocrx_word' id='word_1_34' title='bbox 704 1060 747 1103; x_wconf 91' lang='lat' dir='ltr'><strong>ex</strong></span> <span class='ocrx_word' id='word_1_35' title='bbox 776 1038 923 1105; x_wconf 73' lang='lat' dir='ltr'><strong>adverse</strong></span> <span class='ocrx_word' id='word_1_36' title='bbox 950 1040 1046 1104; x_wconf 88' lang='lat' dir='ltr'><strong>fluvii</strong></span> <span class='ocrx_word' id='word_1_37' title='bbox 1072 1050 1172 1123; x_wconf 88' lang='lat' dir='ltr'><strong>parte</strong></span> <span class='ocrx_word' id='word_1_38' title='bbox 1185 1056 1278 1105; x_wconf 70' lang='lat' dir='ltr'><strong>sterben</strong></span> 
     </span>
    </p>
   </div>
   <div class='ocr_carea' id='block_1_3' title="bbox 223 1106 1316 1220">
    <p class='ocr_par' dir='ltr' id='par_1_3' title="bbox 223 1106 1316 1220">
     <span class='ocr_line' id='line_1_7' title="bbox 223 1106 1316 1220; baseline 0 -19"><span class='ocrx_word' id='word_1_39' title='bbox 223 1138 392 1201; x_wconf 87' lang='lat' dir='ltr'><strong>dirissime</strong></span> <span class='ocrx_word' id='word_1_40' title='bbox 422 1138 597 1214; x_wconf 86' lang='lat' dir='ltr'><strong>infestare,</strong></span> <span class='ocrx_word' id='word_1_41' title='bbox 628 1146 891 1219; x_wconf 86' lang='lat' dir='ltr'><strong>praemonstrato</strong></span> <span class='ocrx_word' id='word_1_42' title='bbox 923 1140 1078 1220; x_wconf 86' lang='lat' dir='ltr'><strong>antiquo,</strong></span> <span class='ocrx_word' id='word_1_43' title='bbox 1110 1142 1171 1203; x_wconf 90' lang='lat' dir='ltr'><strong>sed</strong></span> <span class='ocrx_word' id='word_1_44' title='bbox 1184 1106 1316 1203; x_wconf 41' lang='lat' dir='ltr'><strong>ddiffan‘d‘</strong></span> 
     </span>
    </p>
   </div>
   <div class='ocr_carea' id='block_1_4' title="bbox 221 1206 1338 1812">
    <p class='ocr_par' dir='ltr' id='par_1_4' title="bbox 221 1206 1338 1812">
     <span class='ocr_line' id='line_1_8' title="bbox 222 1206 1321 1323; baseline 0.005 -24"><span class='ocrx_word' id='word_1_45' title='bbox 222 1238 359 1301; x_wconf 87' lang='lat' dir='ltr'><strong>eximiae</strong></span> <span class='ocrx_word' id='word_1_46' title='bbox 384 1237 626 1323; x_wconf 80' lang='lat' dir='ltr'><strong>profunditatis</strong></span> <span class='ocrx_word' id='word_1_47' title='bbox 648 1237 749 1314; x_wconf 88' lang='lat' dir='ltr'><strong>vado,</strong></span> <span class='ocrx_word' id='word_1_48' title='bbox 778 1256 857 1299; x_wconf 89' lang='lat' dir='ltr'><strong>cum</strong></span> <span class='ocrx_word' id='word_1_49' title='bbox 881 1238 999 1319; x_wconf 91' lang='lat' dir='ltr'><strong>primis</strong></span> <span class='ocrx_word' id='word_1_50' title='bbox 1019 1238 1171 1320; x_wconf 82' lang='lat' dir='ltr'><strong>seipsum</strong></span> <span class='ocrx_word' id='word_1_51' title='bbox 1184 1216 1275 1304; x_wconf 52' lang='lat' dir='ltr'><strong>{didi-⁸</strong></span> <span class='ocrx_word' id='word_1_52' title='bbox 1283 1206 1321 1245; x_wconf 48' lang='grc' dir='ltr'><strong>ω’</strong></span> 
     </span>
     <span class='ocr_line' id='line_1_9' title="bbox 223 1336 1175 1417; baseline 0.005 -20"><span class='ocrx_word' id='word_1_53' title='bbox 223 1336 450 1398; x_wconf 76' lang='lat' dir='ltr'><strong>audacissime</strong></span> <span class='ocrx_word' id='word_1_54' title='bbox 470 1336 647 1411; x_wconf 87' lang='lat' dir='ltr'><strong>immersit,</strong></span> <span class='ocrx_word' id='word_1_55' title='bbox 671 1336 887 1417; x_wconf 89' lang='lat' dir='ltr'><strong>transitoque</strong></span> <span class='ocrx_word' id='word_1_56' title='bbox 909 1336 1089 1399; x_wconf 87' lang='lat' dir='ltr'><strong>confestim</strong></span> <span class='ocrx_word' id='word_1_57' title='bbox 1111 1357 1175 1403; x_wconf 56' lang='lat' dir='ltr'><strong>uas</strong></span> 
     </span>
     <span class='ocr_line' id='line_1_10' title="bbox 221 1432 1172 1516; baseline 0.002 -19"><span class='ocrx_word' id='word_1_58' title='bbox 221 1434 340 1511; x_wconf 88' lang='lat' dir='ltr'><strong>tando,</strong></span> <span class='ocrx_word' id='word_1_59' title='bbox 363 1432 480 1516; x_wconf 84' lang='lat' dir='ltr'><strong>potids</strong></span> <span class='ocrx_word' id='word_1_60' title='bbox 505 1432 610 1515; x_wconf 79' lang='lat' dir='ltr'><strong>quem</strong></span> <span class='ocrx_word' id='word_1_61' title='bbox 625 1434 798 1511; x_wconf 83' lang='lat' dir='ltr'><strong>vadando,</strong></span> <span class='ocrx_word' id='word_1_62' title='bbox 820 1442 948 1510; x_wconf 91' lang='lat' dir='ltr'><strong>meatu,</strong></span> <span class='ocrx_word' id='word_1_63' title='bbox 973 1434 1064 1499; x_wconf 88' lang='lat' dir='ltr'><strong>virili</strong></span> <span class='ocrx_word' id='word_1_64' title='bbox 1093 1454 1172 1499; x_wconf 89' lang='lat' dir='ltr'><strong>cum</strong></span> 
     </span>
     <span class='ocr_line' id='line_1_11' title="bbox 222 1532 1172 1614; baseline 0.002 -19"><span class='ocrx_word' id='word_1_65' title='bbox 222 1534 353 1614; x_wconf 92' lang='lat' dir='ltr'><strong>impetu</strong></span> <span class='ocrx_word' id='word_1_66' title='bbox 376 1534 412 1596; x_wconf 92' lang='lat' dir='ltr'><strong>in</strong></span> <span class='ocrx_word' id='word_1_67' title='bbox 436 1532 553 1596; x_wconf 89' lang='lat' dir='ltr'><strong>hostes</strong></span> <span class='ocrx_word' id='word_1_68' title='bbox 571 1533 727 1614; x_wconf 84' lang='lat' dir='ltr'><strong>impegit,</strong></span> <span class='ocrx_word' id='word_1_69' title='bbox 751 1532 912 1614; x_wconf 79' lang='lat' dir='ltr'><strong>tetreque</strong></span> <span class='ocrx_word' id='word_1_70' title='bbox 932 1552 1042 1614; x_wconf 89' lang='lat' dir='ltr'><strong>usque</strong></span> <span class='ocrx_word' id='word_1_71' title='bbox 1062 1534 1106 1597; x_wconf 90' lang='lat' dir='ltr'><strong>ad</strong></span> <span class='ocrx_word' id='word_1_72' title='bbox 1125 1535 1172 1597; x_wconf 91' lang='lat' dir='ltr'><strong>ci-</strong></span> 
     </span>
     <span class='ocr_line' id='line_1_12' title="bbox 223 1631 1173 1713; baseline 0.001 -19"><span class='ocrx_word' id='word_1_73' title='bbox 223 1632 342 1695; x_wconf 89' lang='lat' dir='ltr'><strong>vitatis</strong></span> <span class='ocrx_word' id='word_1_74' title='bbox 372 1638 490 1713; x_wconf 89' lang='lat' dir='ltr'><strong>portas</strong></span> <span class='ocrx_word' id='word_1_75' title='bbox 521 1631 640 1695; x_wconf 89' lang='lat' dir='ltr'><strong>cedere</strong></span> <span class='ocrx_word' id='word_1_76' title='bbox 671 1650 812 1711; x_wconf 78' lang='lat' dir='ltr'><strong>cogenS,</strong></span> <span class='ocrx_word' id='word_1_77' title='bbox 842 1632 984 1695; x_wconf 89' lang='lat' dir='ltr'><strong>bellicas</strong></span> <span class='ocrx_word' id='word_1_78' title='bbox 1014 1651 1092 1695; x_wconf 92' lang='lat' dir='ltr'><strong>cum</strong></span> <span class='ocrx_word' id='word_1_79' title='bbox 1123 1632 1173 1695; x_wconf 92' lang='lat' dir='ltr'><strong>eis</strong></span> 
     </span>
     <span class='ocr_line' id='line_1_13' title="bbox 222 1729 1338 1812; baseline 0.003 -21"><span class='ocrx_word' id='word_1_80' title='bbox 222 1748 345 1793; x_wconf 87' lang='lat' dir='ltr'><strong>manus</strong></span> <span class='ocrx_word' id='word_1_81' title='bbox 379 1729 575 1793; x_wconf 76' lang='lat' dir='ltr'><strong>virilissime</strong></span> <span class='ocrx_word' id='word_1_82' title='bbox 605 1730 829 1794; x_wconf 85' lang='lat' dir='ltr'><strong>commiscuit.</strong></span> <span class='ocrx_word' id='word_1_83' title='bbox 891 1729 1047 1812; x_wconf 77' lang='lat' dir='ltr'><strong>Cumque</strong></span> <span class='ocrx_word' id='word_1_84' title='bbox 1078 1731 1173 1795; x_wconf 91' lang='lat' dir='ltr'><strong>deni-</strong></span> <span class='ocrx_word' id='word_1_85' title='bbox 1186 1745 1232 1785; x_wconf 66' lang='lat' dir='ltr'><strong>The</strong></span> <span class='ocrx_word' id='word_1_86' title='bbox 1246 1743 1338 1788; x_wconf 71' lang='lat' dir='ltr'><strong>sueon’s</strong></span> 
     </span>
    </p>
   </div>
   <div class='ocr_carea' id='block_1_5' title="bbox 1186 1797 1337 1845">
    <p class='ocr_par' dir='ltr' id='par_1_5' title="bbox 1186 1797 1337 1845">
     <span class='ocr_line' id='line_1_14' title="bbox 1186 1797 1337 1845; baseline 0.007 -11"><span class='ocrx_word' id='word_1_87' title='bbox 1186 1797 1337 1845; x_wconf 73' lang='lat' dir='ltr'><strong>partyroutedr</strong></span> 
     </span>
    </p>
   </div>
   <div class='ocr_carea' id='block_1_6' title="bbox 224 1828 1325 1935">
    <p class='ocr_par' dir='ltr' id='par_1_6' title="bbox 224 1828 1325 1935">
     <span class='ocr_line' id='line_1_15' title="bbox 224 1828 1325 1935; baseline 0.003 -44"><span class='ocrx_word' id='word_1_88' title='bbox 224 1847 291 1909; x_wconf 89' lang='lat' dir='ltr'><strong>que</strong></span> <span class='ocrx_word' id='word_1_89' title='bbox 322 1828 389 1904; x_wconf 91' lang='lat' dir='ltr'><strong>sui,</strong></span> <span class='ocrx_word' id='word_1_90' title='bbox 418 1828 558 1892; x_wconf 87' lang='lat' dir='ltr'><strong>flumine</strong></span> <span class='ocrx_word' id='word_1_91' title='bbox 586 1836 668 1911; x_wconf 92' lang='lat' dir='ltr'><strong>post</strong></span> <span class='ocrx_word' id='word_1_92' title='bbox 695 1848 774 1891; x_wconf 93' lang='lat' dir='ltr'><strong>eum</strong></span> <span class='ocrx_word' id='word_1_93' title='bbox 802 1830 1017 1905; x_wconf 88' lang='lat' dir='ltr'><strong>transmisso,</strong></span> <span class='ocrx_word' id='word_1_94' title='bbox 1044 1830 1174 1911; x_wconf 90' lang='lat' dir='ltr'><strong>pariter</strong></span> <span class='ocrx_word' id='word_1_95' title='bbox 1186 1844 1325 1935; x_wconf 50' lang='lat' dir='ltr'><strong>pluam</strong></span> 
     </span>
    </p>
   </div>
   <div class='ocr_carea' id='block_1_7' title="bbox 224 1928 1340 4181">
    <p class='ocr_par' dir='ltr' id='par_1_7' title="bbox 224 1928 1340 3382">
     <span class='ocr_line' id='line_1_16' title="bbox 224 1928 1324 2033; baseline 0.002 -43"><span class='ocrx_word' id='word_1_96' title='bbox 224 1928 452 2003; x_wconf 88' lang='lat' dir='ltr'><strong>emersissent,</strong></span> <span class='ocrx_word' id='word_1_97' title='bbox 482 1928 586 2009; x_wconf 91' lang='lat' dir='ltr'><strong>inque</strong></span> <span class='ocrx_word' id='word_1_98' title='bbox 615 1947 721 1990; x_wconf 90' lang='lat' dir='ltr'><strong>unum</strong></span> <span class='ocrx_word' id='word_1_99' title='bbox 752 1928 938 2009; x_wconf 89' lang='lat' dir='ltr'><strong>constipati</strong></span> <span class='ocrx_word' id='word_1_100' title='bbox 969 1928 1110 2009; x_wconf 83' lang='lat' dir='ltr'><strong>globum</strong></span> <span class='ocrx_word' id='word_1_101' title='bbox 1138 1944 1324 2033; x_wconf 60' lang='lat' dir='ltr'><strong>roterdthecptr,</strong></span> 
     </span>
     <span class='ocr_line' id='line_1_17' title="bbox 226 1997 1317 2107; baseline -0.003 -20"><span class='ocrx_word' id='word_1_102' title='bbox 226 2025 455 2105; x_wconf 88' lang='lat' dir='ltr'><strong>adversarios</strong></span> <span class='ocrx_word' id='word_1_103' title='bbox 470 2026 754 2102; x_wconf 84' lang='lat' dir='ltr'><strong>insurrexissent,</strong></span> <span class='ocrx_word' id='word_1_104' title='bbox 784 2026 854 2088; x_wconf 91' lang='lat' dir='ltr'><strong>illis</strong></span> <span class='ocrx_word' id='word_1_105' title='bbox 885 2026 1107 2107; x_wconf 67' lang='lat' dir='ltr'><strong>fugientibus</strong></span> <span class='ocrx_word' id='word_1_106' title='bbox 1139 1997 1271 2091; x_wconf 48' lang='lat' dir='ltr'><strong>eti-duset</strong></span> <span class='ocrx_word' id='word_1_107' title='bbox 1294 2004 1317 2033; x_wconf 69' lang='lat'><strong>¹⁹</strong></span> 
     </span>
     <span class='ocr_line' id='line_1_18' title="bbox 225 2124 1175 2206; baseline 0.002 -19"><span class='ocrx_word' id='word_1_108' title='bbox 225 2124 354 2205; x_wconf 89' lang='lat' dir='ltr'><strong>apertis</strong></span> <span class='ocrx_word' id='word_1_109' title='bbox 377 2125 488 2206; x_wconf 90' lang='lat' dir='ltr'><strong>portis</strong></span> <span class='ocrx_word' id='word_1_110' title='bbox 514 2126 551 2187; x_wconf 91' lang='lat' dir='ltr'><strong>in</strong></span> <span class='ocrx_word' id='word_1_111' title='bbox 580 2125 755 2189; x_wconf 83' lang='lat' dir='ltr'><strong>civitatem</strong></span> <span class='ocrx_word' id='word_1_112' title='bbox 784 2144 822 2187; x_wconf 94' lang='lat' dir='ltr'><strong>se</strong></span> <span class='ocrx_word' id='word_1_113' title='bbox 851 2126 1104 2206; x_wconf 69' lang='lat' dir='ltr'><strong>recipientibus</strong></span> <span class='ocrx_word' id='word_1_114' title='bbox 1137 2146 1175 2189; x_wconf 87' lang='lat' dir='ltr'><strong>se</strong></span> 
     </span>
     <span class='ocr_line' id='line_1_19' title="bbox 227 2224 1175 2304; baseline 0.003 -19"><span class='ocrx_word' id='word_1_115' title='bbox 227 2224 331 2286; x_wconf 89' lang='lat' dir='ltr'><strong>etiam</strong></span> <span class='ocrx_word' id='word_1_116' title='bbox 354 2224 489 2304; x_wconf 83' lang='lat' dir='ltr'><strong>regales</strong></span> <span class='ocrx_word' id='word_1_117' title='bbox 512 2224 688 2287; x_wconf 87' lang='lat' dir='ltr'><strong>turmatim</strong></span> <span class='ocrx_word' id='word_1_118' title='bbox 714 2243 792 2286; x_wconf 90' lang='lat' dir='ltr'><strong>cum</strong></span> <span class='ocrx_word' id='word_1_119' title='bbox 813 2224 863 2286; x_wconf 89' lang='lat' dir='ltr'><strong>eis</strong></span> <span class='ocrx_word' id='word_1_120' title='bbox 889 2224 1175 2303; x_wconf 87' lang='lat' dir='ltr'><strong>intermiscentes,</strong></span> 
     </span>
     <span class='ocr_line' id='line_1_20' title="bbox 228 2321 1180 2397; baseline 0.002 -14"><span class='ocrx_word' id='word_1_121' title='bbox 228 2322 319 2384; x_wconf 89' lang='lat' dir='ltr'><strong>intra</strong></span> <span class='ocrx_word' id='word_1_122' title='bbox 346 2323 475 2384; x_wconf 91' lang='lat' dir='ltr'><strong>moenia</strong></span> <span class='ocrx_word' id='word_1_123' title='bbox 500 2322 595 2385; x_wconf 95' lang='lat' dir='ltr'><strong>nullo</strong></span> <span class='ocrx_word' id='word_1_124' title='bbox 619 2322 807 2385; x_wconf 91' lang='lat' dir='ltr'><strong>obsistente</strong></span> <span class='ocrx_word' id='word_1_125' title='bbox 833 2321 1063 2397; x_wconf 90' lang='lat' dir='ltr'><strong>contulerunt,</strong></span> <span class='ocrx_word' id='word_1_126' title='bbox 1091 2323 1180 2385; x_wconf 70' lang='lat' dir='ltr'><strong>faci.</strong></span> 
     </span>
     <span class='ocr_line' id='line_1_21' title="bbox 227 2419 1175 2504; baseline 0.001 -22"><span class='ocrx_word' id='word_1_127' title='bbox 227 2420 360 2502; x_wconf 89' lang='lat' dir='ltr'><strong>busque</strong></span> <span class='ocrx_word' id='word_1_128' title='bbox 384 2420 513 2499; x_wconf 89' lang='lat' dir='ltr'><strong>ubique</strong></span> <span class='ocrx_word' id='word_1_129' title='bbox 535 2420 575 2481; x_wconf 91' lang='lat' dir='ltr'><strong>in</strong></span> <span class='ocrx_word' id='word_1_130' title='bbox 602 2420 743 2483; x_wconf 85' lang='lat' dir='ltr'><strong>civitate</strong></span> <span class='ocrx_word' id='word_1_131' title='bbox 767 2419 925 2481; x_wconf 89' lang='lat' dir='ltr'><strong>domibus</strong></span> <span class='ocrx_word' id='word_1_132' title='bbox 951 2419 1098 2504; x_wconf 88' lang='lat' dir='ltr'><strong>injectis,</strong></span> <span class='ocrx_word' id='word_1_133' title='bbox 1124 2422 1175 2483; x_wconf 94' lang='lat' dir='ltr'><strong>in-</strong></span> 
     </span>
     <span class='ocr_line' id='line_1_22' title="bbox 226 2518 1176 2602; baseline 0.002 -20"><span class='ocrx_word' id='word_1_134' title='bbox 226 2520 358 2600; x_wconf 78' lang='lat' dir='ltr'><strong>signem</strong></span> <span class='ocrx_word' id='word_1_135' title='bbox 388 2519 431 2581; x_wconf 93' lang='lat' dir='ltr'><strong>de</strong></span> <span class='ocrx_word' id='word_1_136' title='bbox 461 2519 667 2582; x_wconf 88' lang='lat' dir='ltr'><strong>adversariis</strong></span> <span class='ocrx_word' id='word_1_137' title='bbox 697 2518 851 2582; x_wconf 86' lang='lat' dir='ltr'><strong>victoriae</strong></span> <span class='ocrx_word' id='word_1_138' title='bbox 880 2519 1019 2582; x_wconf 90' lang='lat' dir='ltr'><strong>titulum</strong></span> <span class='ocrx_word' id='word_1_139' title='bbox 1045 2520 1176 2602; x_wconf 89' lang='lat' dir='ltr'><strong>indepti</strong></span> 
     </span>
     <span class='ocr_line' id='line_1_23' title="bbox 227 2616 1176 2698; baseline 0.002 -18"><span class='ocrx_word' id='word_1_140' title='bbox 227 2617 334 2681; x_wconf 84' lang='lat' dir='ltr'><strong>suere.</strong></span> <span class='ocrx_word' id='word_1_141' title='bbox 388 2617 516 2681; x_wconf 90' lang='lat' dir='ltr'><strong>Omnes</strong></span> <span class='ocrx_word' id='word_1_142' title='bbox 537 2617 705 2698; x_wconf 90' lang='lat' dir='ltr'><strong>siquidem</strong></span> <span class='ocrx_word' id='word_1_143' title='bbox 726 2616 896 2680; x_wconf 90' lang='lat' dir='ltr'><strong>horrendo</strong></span> <span class='ocrx_word' id='word_1_144' title='bbox 923 2617 1053 2680; x_wconf 90' lang='lat' dir='ltr'><strong>sinistri</strong></span> <span class='ocrx_word' id='word_1_145' title='bbox 1072 2618 1176 2682; x_wconf 77' lang='lat' dir='ltr'><strong>cases</strong></span> 
     </span>
     <span class='ocr_line' id='line_1_24' title="bbox 227 2714 1177 2798; baseline 0.003 -20"><span class='ocrx_word' id='word_1_146' title='bbox 227 2716 415 2780; x_wconf 86' lang='lat' dir='ltr'><strong>infortunio</strong></span> <span class='ocrx_word' id='word_1_147' title='bbox 438 2717 565 2798; x_wconf 88' lang='lat' dir='ltr'><strong>pariter</strong></span> <span class='ocrx_word' id='word_1_148' title='bbox 580 2714 766 2790; x_wconf 89' lang='lat' dir='ltr'><strong>involvere,</strong></span> <span class='ocrx_word' id='word_1_149' title='bbox 783 2715 865 2796; x_wconf 89' lang='lat' dir='ltr'><strong>quia</strong></span> <span class='ocrx_word' id='word_1_150' title='bbox 888 2715 987 2791; x_wconf 92' lang='lat' dir='ltr'><strong>alios,</strong></span> <span class='ocrx_word' id='word_1_151' title='bbox 1006 2724 1177 2798; x_wconf 90' lang='lat' dir='ltr'><strong>quotquot</strong></span> 
     </span>
     <span class='ocr_line' id='line_1_25' title="bbox 228 2811 1182 2895; baseline 0.003 -20"><span class='ocrx_word' id='word_1_152' title='bbox 228 2816 446 2889; x_wconf 86' lang='lat' dir='ltr'><strong>resistebant,</strong></span> <span class='ocrx_word' id='word_1_153' title='bbox 459 2815 577 2895; x_wconf 90' lang='lat' dir='ltr'><strong>gladio</strong></span> <span class='ocrx_word' id='word_1_154' title='bbox 591 2814 796 2890; x_wconf 89' lang='lat' dir='ltr'><strong>dissecante,</strong></span> <span class='ocrx_word' id='word_1_155' title='bbox 804 2811 877 2878; x_wconf 77' lang='lat' dir='ltr'><strong>vite</strong></span> <span class='ocrx_word' id='word_1_156' title='bbox 887 2814 1081 2894; x_wconf 82' lang='lat' dir='ltr'><strong>privavere,</strong></span> <span class='ocrx_word' id='word_1_157' title='bbox 1088 2817 1182 2878; x_wconf 86' lang='lat' dir='ltr'><strong>alios.</strong></span> 
     </span>
     <span class='ocr_line' id='line_1_26' title="bbox 228 2912 1175 2981; baseline 0.001 -5"><span class='ocrx_word' id='word_1_158' title='bbox 228 2915 305 2981; x_wconf 45' lang='lat' dir='ltr'><strong>sub.</strong></span> <span class='ocrx_word' id='word_1_159' title='bbox 322 2913 509 2975; x_wconf 89' lang='lat' dir='ltr'><strong>redimendi</strong></span> <span class='ocrx_word' id='word_1_160' title='bbox 541 2913 735 2975; x_wconf 88' lang='lat' dir='ltr'><strong>conditione</strong></span> <span class='ocrx_word' id='word_1_161' title='bbox 765 2912 924 2978; x_wconf 89' lang='lat' dir='ltr'><strong>detentos</strong></span> <span class='ocrx_word' id='word_1_162' title='bbox 948 2913 1096 2976; x_wconf 89' lang='lat' dir='ltr'><strong>vinculis</strong></span> <span class='ocrx_word' id='word_1_163' title='bbox 1122 2914 1175 2977; x_wconf 92' lang='lat' dir='ltr'><strong>in·</strong></span> 
     </span>
     <span class='ocr_line' id='line_1_27' title="bbox 225 3007 1175 3096; baseline 0.001 -22"><span class='ocrx_word' id='word_1_164' title='bbox 225 3012 356 3096; x_wconf 81' lang='lat' dir='ltr'><strong>jecere3</strong></span> <span class='ocrx_word' id='word_1_165' title='bbox 378 3013 464 3074; x_wconf 91' lang='lat' dir='ltr'><strong>istos</strong></span> <span class='ocrx_word' id='word_1_166' title='bbox 486 3021 608 3074; x_wconf 86' lang='lat' dir='ltr'><strong>secura</strong></span> <span class='ocrx_word' id='word_1_167' title='bbox 625 3011 847 3092; x_wconf 90' lang='lat' dir='ltr'><strong>dispersionis</strong></span> <span class='ocrx_word' id='word_1_168' title='bbox 868 3030 941 3074; x_wconf 87' lang='lat' dir='ltr'><strong>suae</strong></span> <span class='ocrx_word' id='word_1_169' title='bbox 959 3007 1105 3075; x_wconf 86' lang='lat' dir='ltr'><strong>latibula</strong></span> <span class='ocrx_word' id='word_1_170' title='bbox 1122 3032 1175 3075; x_wconf 88' lang='lat' dir='ltr'><strong>re-</strong></span> 
     </span>
     <span class='ocr_line' id='line_1_28' title="bbox 229 3109 1339 3192; baseline 0 -18"><span class='ocrx_word' id='word_1_171' title='bbox 229 3118 385 3192; x_wconf 89' lang='lat' dir='ltr'><strong>petentes</strong></span> <span class='ocrx_word' id='word_1_172' title='bbox 408 3110 544 3191; x_wconf 89' lang='lat' dir='ltr'><strong>prodire</strong></span> <span class='ocrx_word' id='word_1_173' title='bbox 571 3109 589 3172; x_wconf 90' lang='lat' dir='ltr'><strong>e</strong></span> <span class='ocrx_word' id='word_1_174' title='bbox 615 3111 756 3174; x_wconf 88' lang='lat' dir='ltr'><strong>civitate</strong></span> <span class='ocrx_word' id='word_1_175' title='bbox 777 3110 1026 3191; x_wconf 72' lang='lat' dir='ltr'><strong>coegeraillos</strong></span> <span class='ocrx_word' id='word_1_176' title='bbox 1046 3112 1081 3172; x_wconf 89' lang='lat' dir='ltr'><strong>in</strong></span> <span class='ocrx_word' id='word_1_177' title='bbox 1100 3130 1175 3174; x_wconf 89' lang='lat' dir='ltr'><strong>cas·</strong></span> <span class='ocrx_word' id='word_1_178' title='bbox 1188 3129 1339 3188; x_wconf 62' lang='grc' dir='ltr'><strong>Τὴοοοιιιιιορι</strong></span> 
     </span>
     <span class='ocr_line' id='line_1_29' title="bbox 229 3179 1340 3285; baseline -0.005 -12"><span class='ocrx_word' id='word_1_179' title='bbox 229 3211 348 3273; x_wconf 92' lang='lat' dir='ltr'><strong>tellum</strong></span> <span class='ocrx_word' id='word_1_180' title='bbox 376 3210 441 3272; x_wconf 92' lang='lat' dir='ltr'><strong>sub</strong></span> <span class='ocrx_word' id='word_1_181' title='bbox 462 3208 695 3285; x_wconf 87' lang='lat' dir='ltr'><strong>festinatione,</strong></span> <span class='ocrx_word' id='word_1_182' title='bbox 714 3229 791 3271; x_wconf 89' lang='lat' dir='ltr'><strong>cum</strong></span> <span class='ocrx_word' id='word_1_183' title='bbox 818 3206 957 3272; x_wconf 75' lang='lat' dir='ltr'><strong>domine</strong></span> <span class='ocrx_word' id='word_1_184' title='bbox 983 3206 1048 3272; x_wconf 73' lang='lat' dir='ltr'><strong>sud</strong></span> <span class='ocrx_word' id='word_1_185' title='bbox 1065 3179 1340 3272; x_wconf 36' lang='lat' dir='ltr'><strong>detra-dieite&amp;</strong></span> 
     </span>
     <span class='ocr_line' id='line_1_30' title="bbox 231 3307 649 3382; baseline -0.005 -10"><span class='ocrx_word' id='word_1_186' title='bbox 231 3328 300 3382; x_wconf 77' lang='lat' dir='ltr'><strong>soS,</strong></span> <span class='ocrx_word' id='word_1_187' title='bbox 317 3309 453 3372; x_wconf 86' lang='lat' dir='ltr'><strong>sortiter</strong></span> <span class='ocrx_word' id='word_1_188' title='bbox 468 3307 649 3370; x_wconf 85' lang='lat' dir='ltr'><strong>reclusere.</strong></span> 
     </span>
    </p>

    <p class='ocr_par' dir='ltr' id='par_1_8' title="bbox 231 3405 1315 3686">
     <span class='ocr_line' id='line_1_31' title="bbox 238 3405 1315 3488; baseline -0.011 -12"><span class='ocrx_word' id='word_1_189' title='bbox 238 3471 240 3476; x_wconf 90' lang='lat'><em>.</em></span> <span class='ocrx_word' id='word_1_190' title='bbox 282 3408 362 3471; x_wconf 89' lang='lat' dir='ltr'><strong>Rex</strong></span> <span class='ocrx_word' id='word_1_191' title='bbox 389 3406 495 3487; x_wconf 87' lang='lat' dir='ltr'><strong>igitur</strong></span> <span class='ocrx_word' id='word_1_192' title='bbox 514 3405 577 3469; x_wconf 90' lang='lat' dir='ltr'><strong>tali</strong></span> <span class='ocrx_word' id='word_1_193' title='bbox 599 3405 701 3469; x_wconf 90' lang='lat' dir='ltr'><strong>modo</strong></span> <span class='ocrx_word' id='word_1_194' title='bbox 723 3405 869 3471; x_wconf 71' lang='lat' dir='ltr'><strong>victorie</strong></span> <span class='ocrx_word' id='word_1_195' title='bbox 888 3407 1030 3488; x_wconf 70' lang='lat' dir='ltr'><strong>potitus</strong></span> <span class='ocrx_word' id='word_1_196' title='bbox 1046 3408 1090 3471; x_wconf 90' lang='lat' dir='ltr'><strong>ad</strong></span> <span class='ocrx_word' id='word_1_197' title='bbox 1116 3409 1176 3472; x_wconf 90' lang='lat' dir='ltr'><strong>ob·</strong></span> <span class='ocrx_word' id='word_1_198' title='bbox 1189 3426 1236 3466; x_wconf 69' lang='lat' dir='ltr'><strong>rra</strong></span> <span class='ocrx_word' id='word_1_199' title='bbox 1249 3426 1315 3466; x_wconf 64' lang='lat' dir='ltr'><strong>cuno</strong></span> 
     </span>
     <span class='ocr_line' id='line_1_32' title="bbox 231 3476 1294 3587; baseline 0.001 -18"><span class='ocrx_word' id='word_1_200' title='bbox 231 3507 398 3570; x_wconf 89' lang='lat' dir='ltr'><strong>sidionem</strong></span> <span class='ocrx_word' id='word_1_201' title='bbox 422 3505 458 3566; x_wconf 90' lang='lat' dir='ltr'><strong>in</strong></span> <span class='ocrx_word' id='word_1_202' title='bbox 484 3505 706 3582; x_wconf 91' lang='lat' dir='ltr'><strong>comitissam,</strong></span> <span class='ocrx_word' id='word_1_203' title='bbox 728 3512 762 3569; x_wconf 91' lang='lat' dir='ltr'><strong>et</strong></span> <span class='ocrx_word' id='word_1_204' title='bbox 784 3525 877 3582; x_wconf 76' lang='lat' dir='ltr'><strong>suoS,</strong></span> <span class='ocrx_word' id='word_1_205' title='bbox 892 3507 1113 3587; x_wconf 85' lang='lat' dir='ltr'><strong>ingerendam</strong></span> <span class='ocrx_word' id='word_1_206' title='bbox 1141 3476 1294 3570; x_wconf 48' lang='lat' dir='ltr'><strong>samm</strong></span> 
     </span>
     <span class='ocr_line' id='line_1_33' title="bbox 231 3603 1177 3686; baseline 0.002 -18"><span class='ocrx_word' id='word_1_207' title='bbox 231 3603 506 3668; x_wconf 76' lang='lat' dir='ltr'><strong>constantissime</strong></span> <span class='ocrx_word' id='word_1_208' title='bbox 538 3604 700 3681; x_wconf 89' lang='lat' dir='ltr'><strong>accinxit,</strong></span> <span class='ocrx_word' id='word_1_209' title='bbox 731 3604 833 3667; x_wconf 85' lang='lat' dir='ltr'><strong>facile</strong></span> <span class='ocrx_word' id='word_1_210' title='bbox 859 3611 1023 3686; x_wconf 89' lang='lat' dir='ltr'><strong>reputans</strong></span> <span class='ocrx_word' id='word_1_211' title='bbox 1048 3606 1177 3670; x_wconf 88' lang='lat' dir='ltr'><strong>discor-</strong></span> 
     </span>
    </p>

    <p class='ocr_par' dir='ltr' id='par_1_9' title="bbox 229 3702 1179 3784">
     <span class='ocr_line' id='line_1_34' title="bbox 229 3702 1179 3784; baseline 0.002 -20"><span class='ocrx_word' id='word_1_212' title='bbox 229 3704 296 3766; x_wconf 89' lang='lat' dir='ltr'><strong>diae</strong></span> <span class='ocrx_word' id='word_1_213' title='bbox 313 3704 411 3784; x_wconf 89' lang='lat' dir='ltr'><strong>regni</strong></span> <span class='ocrx_word' id='word_1_214' title='bbox 430 3703 533 3766; x_wconf 89' lang='lat' dir='ltr'><strong>finem</strong></span> <span class='ocrx_word' id='word_1_215' title='bbox 554 3703 809 3784; x_wconf 89' lang='lat' dir='ltr'><strong>imponendum,</strong></span> <span class='ocrx_word' id='word_1_216' title='bbox 835 3704 865 3764; x_wconf 92' lang='lat' dir='ltr'><strong>si</strong></span> <span class='ocrx_word' id='word_1_217' title='bbox 888 3705 965 3768; x_wconf 78' lang='lat' dir='ltr'><strong>suis¹</strong></span> <span class='ocrx_word' id='word_1_218' title='bbox 983 3702 1077 3765; x_wconf 92' lang='lat' dir='ltr'><strong>illam</strong></span> <span class='ocrx_word' id='word_1_219' title='bbox 1099 3706 1179 3767; x_wconf 88' lang='lat' dir='ltr'><strong>viri-</strong></span> 
     </span>
    </p>

    <p class='ocr_par' dir='ltr' id='par_1_10' title="bbox 230 3799 1181 3980">
     <span class='ocr_line' id='line_1_35' title="bbox 230 3799 1181 3884; baseline 0 -20"><span class='ocrx_word' id='word_1_220' title='bbox 230 3804 296 3864; x_wconf 92' lang='lat' dir='ltr'><strong>bus</strong></span> <span class='ocrx_word' id='word_1_221' title='bbox 323 3799 556 3884; x_wconf 78' lang='lat' dir='ltr'><strong>subjugesset,</strong></span> <span class='ocrx_word' id='word_1_222' title='bbox 582 3821 643 3882; x_wconf 89' lang='lat' dir='ltr'><strong>per</strong></span> <span class='ocrx_word' id='word_1_223' title='bbox 669 3820 772 3881; x_wconf 89' lang='lat' dir='ltr'><strong>quam</strong></span> <span class='ocrx_word' id='word_1_224' title='bbox 794 3800 1011 3862; x_wconf 90' lang='lat' dir='ltr'><strong>discordandi</strong></span> <span class='ocrx_word' id='word_1_225' title='bbox 1035 3803 1181 3882; x_wconf 87' lang='lat' dir='ltr'><strong>sumpsit</strong></span> 
     </span>
     <span class='ocr_line' id='line_1_36' title="bbox 231 3898 1181 3980; baseline -0.004 -16"><span class='ocrx_word' id='word_1_226' title='bbox 231 3901 422 3964; x_wconf 89' lang='lat' dir='ltr'><strong>exordium.</strong></span> <span class='ocrx_word' id='word_1_227' title='bbox 469 3899 652 3979; x_wconf 87' lang='lat' dir='ltr'><strong>Dispositis</strong></span> <span class='ocrx_word' id='word_1_228' title='bbox 683 3899 788 3980; x_wconf 85' lang='lat' dir='ltr'><strong>igitur</strong></span> <span class='ocrx_word' id='word_1_229' title='bbox 815 3898 971 3961; x_wconf 92' lang='lat' dir='ltr'><strong>sollicitis</strong></span> <span class='ocrx_word' id='word_1_230' title='bbox 995 3898 1075 3961; x_wconf 90' lang='lat' dir='ltr'><strong>hinc</strong></span> <span class='ocrx_word' id='word_1_231' title='bbox 1102 3899 1181 3961; x_wconf 93' lang='lat' dir='ltr'><strong>inde</strong></span> 
     </span>
    </p>

    <p class='ocr_par' dir='ltr' id='par_1_11' title="bbox 232 3997 1184 4181">
     <span class='ocr_line' id='line_1_37' title="bbox 232 3997 1183 4073; baseline -0.003 -10"><span class='ocrx_word' id='word_1_232' title='bbox 232 4001 324 4064; x_wconf 90' lang='lat' dir='ltr'><strong>circa</strong></span> <span class='ocrx_word' id='word_1_233' title='bbox 350 3997 531 4061; x_wconf 90' lang='lat' dir='ltr'><strong>castellum</strong></span> <span class='ocrx_word' id='word_1_234' title='bbox 563 3997 773 4073; x_wconf 71' lang='lat' dir='ltr'><strong>custodibus</strong></span> <span class='ocrx_word' id='word_1_235' title='bbox 800 4016 916 4060; x_wconf 90' lang='lat' dir='ltr'><strong>omnes</strong></span> <span class='ocrx_word' id='word_1_236' title='bbox 943 3997 1057 4061; x_wconf 89' lang='lat' dir='ltr'><strong>aditus</strong></span> <span class='ocrx_word' id='word_1_237' title='bbox 1083 4005 1183 4060; x_wconf 88' lang='lat' dir='ltr'><strong>nocte</strong></span> 
     </span>
     <span class='ocr_line' id='line_1_38' title="bbox 233 4096 1184 4181; baseline -0.003 -19"><span class='ocrx_word' id='word_1_238' title='bbox 233 4099 427 4181; x_wconf 88' lang='lat' dir='ltr'><strong>diligenter,</strong></span> <span class='ocrx_word' id='word_1_239' title='bbox 451 4104 486 4160; x_wconf 88' lang='lat' dir='ltr'><strong>et</strong></span> <span class='ocrx_word' id='word_1_240' title='bbox 502 4096 558 4158; x_wconf 91' lang='lat' dir='ltr'><strong>die</strong></span> <span class='ocrx_word' id='word_1_241' title='bbox 578 4097 762 4160; x_wconf 89' lang='lat' dir='ltr'><strong>observare</strong></span> <span class='ocrx_word' id='word_1_242' title='bbox 786 4097 972 4178; x_wconf 89' lang='lat' dir='ltr'><strong>praecepit;</strong></span> <span class='ocrx_word' id='word_1_243' title='bbox 1006 4098 1184 4178; x_wconf 88' lang='lat' dir='ltr'><strong>tribusque</strong></span> 
     </span>
    </p>
   </div>
   <div class='ocr_carea' id='block_1_8' title="bbox 235 4194 1184 4284">
    <p class='ocr_par' dir='ltr' id='par_1_12' title="bbox 235 4194 1184 4284">
     <span class='ocr_line' id='line_1_39' title="bbox 235 4194 1184 4284; baseline -0.002 -23"><span class='ocrx_word' id='word_1_244' title='bbox 235 4199 409 4284; x_wconf 86' lang='lat' dir='ltr'><strong>mensibus</strong></span> <span class='ocrx_word' id='word_1_245' title='bbox 429 4216 506 4259; x_wconf 91' lang='lat' dir='ltr'><strong>cum</strong></span> <span class='ocrx_word' id='word_1_246' title='bbox 526 4194 674 4276; x_wconf 90' lang='lat' dir='ltr'><strong>plurimo</strong></span> <span class='ocrx_word' id='word_1_247' title='bbox 696 4196 743 4258; x_wconf 92' lang='lat' dir='ltr'><strong>ibi</strong></span> <span class='ocrx_word' id='word_1_248' title='bbox 767 4195 995 4277; x_wconf 89' lang='lat' dir='ltr'><strong>perendinans</strong></span> <span class='ocrx_word' id='word_1_249' title='bbox 1018 4197 1184 4271; x_wconf 86' lang='lat' dir='ltr'><strong>exercitu,</strong></span> 
     </span>
    </p>
   </div>
   <div class='ocr_carea' id='block_1_9' title="bbox 0 0 1610 5000">
    <p class='ocr_par' dir='ltr' id='par_1_13' title="bbox 0 0 1610 5000">
     <span class='ocr_line' id='line_1_40' title="bbox 0 0 1610 5000; baseline 0 0"><span class='ocrx_word' id='word_1_250' title='bbox 0 0 1610 5000; x_wconf 95' lang='lat' dir='ltr'><strong> </strong></span> 
     </span>
    </p>
   </div>
  </div>
 </body>
</html>
