3167 5000
520 484 626 533 arms
650 480 865 535 nocuerunt.
1025 452 1032 463 ⁸
1104 446 1172 533 '105
1240 498 1243 501 ·

219 636 314 719 ligno
332 638 531 724 eos'spiritu
552 642 588 705 in
603 644 702 718 omn'e
719 640 817 705 nefas
832 639 1055 723 propellente,
1072 646 1169 707 tanto

217 756 255 801 se
270 738 313 802 ad
329 739 687 805 discordiamenixibs
704 741 941 821 accingebant,
957 746 993 803 et
1009 739 1053 803 ad
1068 760 1169 804 omne

217 838 325 914 nefaS,
336 840 372 902 in
389 842 545 905 omnibus
557 839 696 922 Angliae
713 840 880 921 partibus,
893 839 1075 904 'ardentius
1089 859 1167 922 pera

217 939 389 1017 agendum
413 942 634 1023 proruebant.
693 939 817 1004 Comes
843 959 992 1022 namque
1024 939 1167 1005 Gestriae
1180 949 1332 1048 {11¹ququ

218 1038 413 1113 universam
430 1041 526 1104 illam
545 1040 727 1105 Borealem
748 1040 889 1121 plagam
910 1038 1072 1103 centinud
1090 1060 1167 1121 per·
1179 1058 1275 1099 ciem.

170 1184 176 1199 .
218 1138 394 1203 secutione
420 1140 582 1223 affligere,
600 1140 692 1221 regis
706 1141 887 1216 barones,
906 1143 1076 1220 quotquot
1100 1140 1166 1203 s'ibi

219 1244 317 1302 erant
331 1238 512 1317 affidiores,
523 1239 602 1323 jugi
619 1239 844 1302 insectatione
859 1244 1018 1320 gravare,
1028 1245 1063 1303 et
1075 1253 1167 1304 nunc

219 1336 355 1417 quidem
379 1346 497 1403 eorum
520 1338 704 1422 municipia
724 1338 826 1402 furtis
848 1337 1069 1402 clandestinis
1090 1355 1169 1401 sur·

219 1436 343 1517 ripere,
372 1439 506 1521 sibique
536 1438 712 1515 inclinare,
739 1457 830 1501 nune
863 1438 955 1519 igne,
981 1444 1016 1501 et
1038 1437 1168 1519 gladio,

220 1555 339 1600 eorum
361 1539 606 1621 possessiones,
624 1545 659 1601 et
681 1544 803 1614 terrae,
818 1537 950 1602 hostica
975 1537 1166 1620 depopula⁴

220 1635 313 1716 tione
336 1636 469 1714 delere;
494 1638 691 1721 bellumque
716 1635 864 1714 tantbm,
888 1643 923 1701 et
948 1636 1170 1709 afflictionem

222 1736 388 1801 anhelans
411 1737 627 1815 furibundus
646 1738 789 1813 cunetis,
805 1744 840 1800 et
862 1737 1085 1800 intolerabilis
1108 1757 1167 1802 oc-

220 1853 369 1901 curerre.
408 1837 431 1902 J
434 1844 562 1901 oannes
576 1856 725 1919 quoque,
740 1837 847 1919 stipes
861 1836 995 1913 inferni,
1011 1843 1046 1899 et
1061 1838 1167 1902 totius
1180 1849 1284 1940 Ἢ,
1293 1851 1331 1940 qe

219 1936 320 1998 radix
335 1937 487 2015 malitiae,
496 1938 557 2020 qui
570 1936 838 2018 Merlebergensi
849 1943 997 2017 praeerat
1011 1937 1166 2013 castello,
1179 1910 1272 2050 ᾖξε»
1290 1911 1303 1940 ⁰

220 2034 424 2117 infatigabili
441 2036 674 2120 inquietudine
696 2055 840 2117 regnum
862 2036 1012 2114 turbare,
1027 2036 1169 2101 castella
1249 2029 1254 2040 '

221 2134 298 2196 miri
320 2136 455 2201 artificii
479 2138 515 2201 in
538 2136 622 2200 locis
648 2137 713 2200 sibi
737 2135 1060 2217 competentioribus
1089 2156 1170 2199 con·

221 2239 364 2312 struere,
395 2244 504 2301 terras
536 2236 769 2312 ecclesiarum,
807 2243 843 2300 et
869 2234 1103 2317 possessiones
1133 2237 1169 2299 in

221 2335 350 2415 proprii
371 2336 461 2418 juris
479 2335 677 2409 dominium,
693 2335 849 2416 expulsis
866 2334 1020 2417 cujusvis
1041 2334 1169 2398 ordinis

221 2434 475 2514 possessoribus
521 2434 696 2516 redigere:
743 2453 890 2516 cumque
926 2433 1167 2498 ecclesiasticae

221 2533 352 2597 militiae
382 2535 497 2615 gladio
522 2533 774 2617 percelleretur,
795 2553 865 2597 nou
886 2535 929 2597 ob
951 2534 1017 2598 boc
1042 2534 1167 2613 flexus,

221 2633 281 2696 sed
296 2635 419 2715 magiS,
428 2654 470 2698 ac
480 2636 591 2716 magis
609 2633 673 2697 fuit
686 2633 882 2708 induratus;
901 2634 983 2715 quia
998 2640 1032 2697 et
1043 2635 1167 2698 summi
1179 2647 1299 2737 {513⁸ng

221 2733 350 2799 ordinis
365 2735 537 2798 ministros
553 2734 597 2798 ad
619 2739 732 2809 suum,
747 2731 841 2796 facto
856 2737 973 2814 g'rege,
988 2733 1168 2798 castellum
1180 2748 1217 2788 the
1226 2748 1311 2790 mon..

221 2834 367 2913 cogebat
390 2835 529 2898 statutis
558 2833 679 2897 diebus
712 2837 902 2908 accurrere,
932 2839 967 2896 et
988 2833 1049 2910 eis,
1069 2835 1168 2915 quasi

221 2933 408 3014 episcopali
445 2932 652 3015 perfungens
681 2933 837 3014 imperio,
871 2932 927 2996 vel
968 2932 1011 2996 de
1048 2933 1168 2997 tributi

221 3031 400 3108 solutione,
430 3033 484 3096 vel
514 3033 556 3097 de
585 3052 727 3114 operum
762 3033 941 3114 compulsu
968 3032 1166 3096 mandatum

220 3131 486 3214 inexpugnabile
513 3133 646 3196 solebat
672 3133 862 3215 injungere.
921 3131 1002 3194 Filii
1030 3147 1301 3214 quoquenoetffltta

222 3230 368 3295 Roberti
386 3230 609 3295 Glaornensis
633 3232 777 3307 comitis,
796 3231 860 3294 viri
876 3234 979 3294 aetate
995 3231 1116 3312 agiles,
1132 3239 1167 3295 et
1180 3199 1332 3298 lllllmh

220 3331 442 3412 perprompti,
465 3331 500 3392 in
518 3338 592 3395 arte
616 3349 753 3412 quoque
777 3329 916 3393 militari
935 3330 1072 3394 assidue
1094 3299 1330 3394 stu-‘ididia

221 3428 277 3492 dio
306 3429 497 3507 exercitati,
521 3448 666 3512 regnum
694 3431 729 3493 in
755 3427 944 3493 meridiane
970 3431 1046 3514 ejus
1070 3404 1253 3511 partem

220 3530 370 3608 turbare,
386 3531 562 3613 patrisque
588 3529 726 3607 virtute,
748 3538 782 3593 et
797 3527 991 3594 constantie
1013 3531 1167 3609 animati,

220 3626 309 3704 istic,
327 3630 386 3693 ubi
404 3627 654 3712 competentius
678 3629 911 3711 providerant,
937 3630 1079 3693 castella
1101 3632 1167 3696 eri-

221 3744 313 3807 gere,
328 3729 409 3804 illic,
428 3749 449 3792 a
465 3730 585 3795 vicinis
602 3728 728 3791 furtive
749 3729 933 3808 surripere,
949 3747 1039 3791 nunc
1054 3730 1089 3791 in
1107 3728 1167 3792 ad-

220 3829 402 3902 versarios,
418 3828 510 3892 facto
533 3827 682 3908 agmine,
700 3831 897 3890 constanter
921 3826 1062 3904 irruere,
1078 3848 1167 3892 nunc

220 3927 339 3989 eorum
358 3932 467 3990 terras
484 3926 613 4008 gladio,
623 3933 658 3990 et
673 3924 928 4007 depraedatione
945 3926 1073 4006 ubique
1088 3946 1168 3990 vas·

220 4035 303 4091 tare.
346 4026 391 4089 Et
404 4026 542 4108 quidem
559 4027 615 4088 isti
631 4025 843 4107 peramplam
858 4025 1007 4106 regionis
1022 4033 1167 4108 partem,

221 4145 242 4188 a
264 4127 351 4189 mari
377 4146 421 4189 ex
447 4132 643 4190 transverso
668 4145 774 4207 usque
797 4124 841 4188 ad
864 4144 971 4202 mare,
993 4126 1102 4206 patris
1133 4127 1168 4188 in

220 4227 377 4290 omnibus
406 4226 616 4309 praevalente
645 4222 826 4302 industrii,
857 4225 1066 4303 invaserant,
1088 4245 1168 4289 nae·
