3167 5000
417 475 462 539 76
729 487 844 536 ossus
866 486 1059 548 srnraaru,

253 666 401 718 sessura
416 644 524 730 jicere
553 652 799 723 convenerant,
816 645 926 711 invite
950 651 985 709 et
1010 662 1089 708 cum
1115 638 1238 725 aperti
1262 660 1373 724 quau·

252 718 534 830 l‘tl'dffaiuoque
556 746 794 828 indignatione
819 745 1005 827 suscipere,
1021 743 1109 806 alios
1136 749 1250 806 autem
1281 740 1374 825 inju-

419 844 492 923 riis,
510 853 545 910 et
572 846 674 910 minis
700 843 847 910 afflictus
870 842 1082 927 indignando
1109 861 1132 906 a
1157 859 1195 905 se
1222 840 1371 922 abigere.

421 944 575 1009 Istorum
590 946 837 1028 possessiones,
849 950 885 1008 et
901 950 1025 1020 terras,
1038 948 1078 1006 ut
1090 960 1152 1005 rex
1164 940 1283 1005 haberi
1295 959 1372 1023 per·

419 1043 573 1123 miserat,
599 1045 719 1110 ordine
750 1042 934 1108 indiscrete
972 1046 1169 1124 permutato
1206 1040 1372 1115 minuere,

299 1144 301 1147 ’
419 1143 477 1207 vel
502 1144 659 1218 auferre3
695 1143 833 1207 illorum
869 1139 993 1205 feuda¹
1028 1147 1064 1205 et
1104 1136 1280 1215 bonores?
1299 1139 1371 1221 qni,

420 1241 502 1305 licet
529 1242 706 1325 perpauci,
727 1243 802 1325 regi
825 1241 938 1305 adbuc
958 1246 1157 1322 paruerant,
1179 1238 1371 1303 distrahere

253 1363 397 1403 stemma
420 1359 465 1406 ex
481 1348 569 1420 toto,
594 1350 629 1405 et
658 1341 736 1405 aliis
761 1339 971 1424 permittere.
1025 1337 1200 1419 Quicquid
1223 1357 1286 1401 rex
1309 1336 1370 1400 de·

252 1410 516 1513 ffimoreto
540 1440 648 1523 regali
674 1440 877 1523 permissum
902 1445 1087 1514 statuerat,
1105 1457 1165 1502 ore
1186 1437 1371 1520 imperioso

420 1540 621 1617 destituere,
653 1539 816 1623 quicquid
851 1537 1018 1614 ecclesiis,
1041 1536 1097 1601 vel
1127 1556 1243 1602 secum
1274 1555 1368 1599 oom-

420 1638 647 1702 militantibus
686 1637 768 1714 fixe,
802 1643 838 1701 et
862 1635 1065 1701 inconcusse
1093 1633 1254 1709 donarat,
1277 1635 1368 1698 abri-

419 1755 502 1818 pere
535 1738 728 1813 confestim,
756 1743 792 1801 et
821 1737 894 1800 suis
921 1735 1130 1819 impendere.
1196 1733 1370 1817 Quodque

253 1855 373 1897 mua·
420 1835 560 1918 plurimi
579 1836 693 1901 fuerat
706 1835 894 1919 supercilii,
911 1842 947 1899 et
965 1834 1175 1915 arrogantiae
1191 1833 1368 1911 indicium,

151 1914 155 1922 ’
254 1906 298 1946 xta
317 1906 409 1951 uscos,

253 1916 413 2044 gamos
422 1933 501 1997 cdm
517 1954 579 2000 rex
597 1935 735 2012 Scotiae,
751 1942 786 1999 et
800 1935 981 2016 episcopus
995 1933 1197 2010 Wintuniae,
1211 1940 1247 1997 et
1263 1931 1370 1996 frater

252 2032 398 2095 samoni
421 2033 514 2098 illius
532 2053 646 2099 comes
668 2033 856 2111 Glaorniae,
873 2052 961 2115 quos
983 2033 1092 2098 totius
1115 2032 1213 2113 regni
1239 2032 1369 2114 primos

253 2104 400 2203 *nia‘hffih
421 2133 602 2197 continuos
620 2141 702 2197 tunc
719 2134 862 2197 comites
878 2151 994 2196 secum
1010 2132 1188 2209 ductabat,
1203 2150 1267 2213 pro
1283 2150 1369 2213 quo-

254 2208 319 2254 m
419 2230 504 2296 libet
530 2232 768 2315 supplicaturi,
796 2231 987 2315 poplitibus
1019 2238 1100 2296 aute
1127 2230 1239 2313 ipsam
1269 2230 1369 2294 flexis

418 2338 650 2408 accesserant,
666 2350 747 2407 non,
761 2332 847 2413 ipsis
859 2337 941 2395 ante
955 2350 994 2394 se
1004 2330 1261 2405 inclinantibus,
1270 2349 1367 2393 reve·

417 2436 532 2494 rentur
562 2437 602 2494 ut
629 2430 745 2495 decuit
775 2448 971 2513 assurgere,
1014 2448 1077 2494 uec
1111 2429 1148 2493 in
1182 2428 1369 2512 postulatis

418 2529 590 2604 assentiri,
616 2531 676 2594 sed
696 2530 917 2594 inexauditus
937 2528 1149 2613 quamsaepd,
1166 2527 1368 2612 tumidaque

418 2629 642 2710 responsione
660 2631 871 2694 obbuccatos
895 2648 917 2693 a
941 2649 980 2692 se
1002 2627 1170 2693 inbouord
1184 2628 1366 2692 dimittere.

418 2726 442 2790 J
445 2728 641 2813 amjamque
666 2748 735 2792 non
753 2727 892 2792 illorum
914 2727 1079 2805 consiliis,
1094 2734 1135 2792 ut
1159 2726 1316 2804 decebat,
1333 2735 1369 2790 et

419 2833 459 2889 ut
481 2828 530 2891 eis
544 2827 771 2910 promiserat,
798 2827 911 2904 inniti,
938 2827 998 2891 sed
1024 2846 1088 2891 suo
1116 2845 1262 2909 quaeque
1286 2846 1367 2908 pro·

419 2925 510 3002 visu,
540 2945 614 2989 suae
651 2934 687 2991 et
724 2925 962 3009 dispositionis
992 2932 1217 3009 praesumptu,
1244 2933 1369 2990 cuncta

252 3023 591 3132 gaffipfflorordinare.
659 3025 749 3088 Haeo
774 3023 858 3088 verd
880 3023 959 3088 cdm
990 3026 1174 3107 episcopus
1194 3024 1368 3116 Wintoni-

254 3141 399 3192 ammas.
421 3123 513 3186 ensis
529 3124 604 3187 siue
618 3141 683 3188 suu
705 3142 860 3202 assensu,
874 3124 935 3187 sed
958 3131 994 3189 et
1013 3125 1082 3188 alia
1103 3123 1271 3188 nonnulla
1293 3122 1368 3186 sine

418 3241 482 3288 suo
499 3223 642 3287 consilio
657 3224 715 3305 agi
730 3223 956 3305 conspiceret,
967 3223 1109 3305 indigne
1124 3223 1210 3288 satis
1226 3230 1261 3287 et
1274 3221 1367 3304 aegre

417 3323 510 3400 tulit,
528 3322 699 3406 cauteque
712 3329 840 3399 tamen,
850 3330 885 3388 et
901 3322 1041 3387 versntd
1064 3329 1189 3386 cuncta
1205 3321 1366 3386 dissimu-

415 3419 504 3497 lans,
529 3421 572 3485 ad
604 3441 705 3504 quem
733 3422 836 3485 finem
866 3429 982 3505 coepta
1015 3420 1217 3486 devenirent
1237 3422 1366 3486 tacitus

415 3519 633 3583 observabat.

465 3614 553 3681 de
582 3618 689 3699 igitur
711 3618 774 3682 illa
799 3619 965 3704 majorem
995 3620 1061 3684 sibi
1091 3620 1189 3702 regni
1217 3626 1365 3701 partem,

413 3715 505 3780 datis
520 3716 710 3796 obsidibus,
726 3726 866 3801 sumpto
885 3726 920 3783 et
936 3720 981 3783 ab
996 3719 1191 3784 bominibus
1213 3718 1364 3782 hominio

412 3816 552 3880 tandem
573 3817 783 3895 inclinasset,
802 3826 838 3882 et
855 3820 900 3882 ob
923 3817 1040 3883 hocin
1062 3818 1254 3883 fastuosam
1272 3818 1366 3881 elata

401 3916 575 3979 uerticem
600 3917 785 3998 plurimum
812 3937 863 3995 se,
877 3924 918 3981 ut
939 3919 1155 3999 praemissum
1179 3924 1244 3994 est,
1262 3924 1364 3982 extu·

410 4013 518 4091 lisset,
547 4033 624 4078 cum
651 4016 818 4080 immenso
846 4017 992 4080 militum
1023 4023 1208 4100 apparatu,
1235 4023 1364 4098 rogatu

444 4160 452 4192 ¹
470 4163 617 4226 Duchesne,
628 4167 635 4192 ‘
646 4164 754 4216 leudos?
881 4181 990 4281 'guaga
1007 4168 1050 4215 the
1071 4167 1210 4216 ‘Honour’
1221 4183 1277 4217 was
1297 4183 1364 4217 com-

445 4229 455 4258 ²
469 4233 621 4282 ‘Honores'
666 4235 697 4283 Iu
711 4234 797 4284 icudal
819 4236 872 4286 lan·
896 4238 975 4299 posed
986 4237 1016 4286 ot
1023 4238 1121 4288 several
1132 4252 1240 4289 mauors.
