3167 5000
529 505 636 554 nnors
664 505 878 554 suenonuu.
1131 491 1175 554 37

221 655 379 738 quaedam
397 660 585 741 provinciae
601 659 830 725 Glaornensis
855 681 937 745 pars
960 662 1005 726 ad
1029 662 1174 727 formam

220 755 349 839 linguae
375 759 547 836 restricta,
570 767 605 824 et
622 761 658 822 in
680 761 822 842 longum
847 769 1022 844 protensa,
1038 762 1174 828 duobus

219 855 333 920 fluviis
348 859 487 940 gemina
504 858 580 942 ejus
596 859 708 923 latera
726 861 977 944 proluentibuS,
993 863 1098 943 inque
1121 863 1174 927 in·

220 955 336 1019 feriori
352 966 464 1039 parte,
482 959 540 1022 ubi
563 960 641 1041 ipsa
663 965 756 1024 terra
781 961 954 1025 defectum
976 964 1121 1044 patitur,
1136 963 1173 1027 in

219 1074 324 1118 unam
347 1058 516 1138 aquarum
545 1058 791 1123 abundantiam
825 1061 1041 1138 coeuntibus,
1069 1060 1174 1126 efficit

220 1155 408 1222 civitatem.
443 1157 555 1221 ‚Viva
583 1178 732 1240 quoque,
759 1166 795 1222 et
816 1158 920 1223 fortis
939 1161 1046 1223 maris
1061 1179 1171 1224 exaes-

220 1255 342 1331 tuatio,
361 1257 520 1320 noctibus
543 1265 578 1322 et
594 1258 715 1322 diebus
737 1259 954 1324 abundanter
975 1260 1171 1338 exundans,

217 1374 265 1418 ex
292 1356 459 1421 ambabus
486 1357 638 1422 civitatis
669 1359 826 1440 partibus
858 1358 990 1432 fluvios
1009 1359 1106 1441 ipsos
1135 1361 1171 1422 in

220 1453 341 1531 latum,
357 1464 392 1520 et
418 1456 627 1539 profundum
650 1457 798 1539 pelagus
825 1460 1042 1540 regurgitans
1064 1457 1100 1522 in
1117 1477 1171 1521 se-

219 1554 313 1636 ipsos
329 1557 435 1638 cogit,
451 1564 658 1638 portumque
680 1557 774 1621 mille
796 1558 922 1621 carinis
944 1557 1171 1635 habillimum,

221 1658 257 1718 et
272 1656 482 1720 tutissimum
491 1655 650 1732 efficiens,
664 1657 831 1721 ambitum
846 1656 939 1719 illius
952 1656 1038 1721 adeb
1049 1657 1170 1740 prope,

217 1761 255 1819 et
287 1755 471 1838 conjuncte
500 1757 719 1838 constringit,
752 1764 792 1820 ut
818 1763 895 1820 tota
917 1757 1041 1821 civitas
1056 1758 1171 1839 ‘aquis

219 1853 388 1932 innatare,
423 1864 499 1919 tota
534 1875 639 1938 super
667 1857 763 1939 ripas
794 1855 970 1920 considere
999 1855 1170 1920 videatur.

218 1951 274 2015 Ex
299 1951 369 2016 und
391 1961 507 2018 tamen
530 1955 606 2039 ejus
628 1957 781 2037 regione,
798 1956 857 2019 ubi
879 1955 923 2018 ad
944 1955 1170 2019 obsidendum
1203 1981 1206 1986 ·
1233 2021 1238 2030 ,

219 2054 457 2135 opportunior,
475 2056 657 2139 magisque
675 2056 797 2137 pervia
815 2052 973 2130 habetur,
988 2054 1169 2118 castellum

216 2153 365 2235 plurimo
389 2173 521 2235 aggere·
542 2155 748 2231 exaltatum,
776 2174 886 2230 muro,
910 2161 945 2218 et
972 2169 1170 2237 propugna·
1200 2147 1204 2154 ’

218 2252 318 2329 οιιίἰε,
349 2253 513 2331 turribus,
546 2263 582 2318 et
613 2253 758 2319 diversis
781 2253 950 2318 machinis
985 2253 1170 2331 firmatum,

216 2353 494 2435 impugnantium
516 2362 651 2417 coercet
673 2371 846 2418 accessus.
877 2353 942 2416 ·In
958 2372 1027 2435 quo
1043 2352 1170 2418 undam

216 2453 385 2536 equitum,
405 2459 441 2517 et
465 2452 630 2518 clientum
657 2453 880 2536 pedestrium,
902 2450 971 2516 imb
995 2459 1035 2518 ut
1052 2451 1168 2517 verius

216 2553 330 2617 dicam
343 2553 555 2635 praedonum,
566 2561 602 2617 et
617 2561 793 2637 raptorum
803 2552 1063 2628 abundantiam,
1079 2551 1166 2617 aded

215 2652 395 2733 grandem,
411 2660 446 2717 et
463 2654 653 2717 mirabilem
669 2651 896 2729 advocbrunt,
911 2659 952 2716 ut
969 2672 1037 2716 non
1054 2650 1168 2715 solum

213 2753 322 2815 etiam
340 2753 653 2835 contemplantibus
675 2772 814 2834 magna,
837 2760 872 2817 et
894 2750 1090 2827 metuenda,
1106 2752 1167 2816 sed

218 2852 321 2914 etiam
346 2852 528 2928 horrenda,
553 2859 587 2915 et
606 2852 815 2917 incredibilis
830 2851 1016 2915 videretur.
1069 2851 1167 2914 Edi·

218 2952 327 3015 versis
347 2951 514 3033 siquidem
538 2952 738 3035 provinciis,
760 2959 796 3016 et
817 2952 1017 3032 regionibus
1032 2952 1167 3028 emersi,
1224 3019 1227 3024 ,

219 3051 320 3116 tantb
335 3051 406 3116 illic
423 3050 668 3129 abundantius,
683 3060 719 3116 et
735 3049 970 3133 gratulantids
985 3050 1169 3127 affuerunt,

219 3151 351 3233 quantd
377 3152 441 3215 sub
464 3152 571 3216 divite
596 3152 735 3216 domino
759 3171 804 3225 ex
832 3150 1063 3214 munitissimo
1091 3168 1169 3214 cas·

215 3251 321 3326 tello,
346 3250 506 3332 quicquid
544 3249 707 3314 libentius
738 3252 854 3313 animo
888 3248 1093 3323 occurreret,
1132 3248 1169 3313 in

215 3347 390 3413 uberrima
407 3349 620 3416 committere
637 3346 770 3431 Anglii
785 3348 897 3412 suit
868 3368 918 3412 ers
938 3347 1150 3430 permissum.

268 3448 380 3514 Affuit
403 3450 495 3513 inter
526 3448 677 3531 reliquos
698 3448 876 3512 Galiridus
903 3448 963 3511 ille
984 3445 1168 3524 Taleboth,
1180 3453 1321 3502 ‘iamto-

219 3550 289 3633 qui,
320 3556 360 3613 ut
397 3548 614 3631 praemissum
651 3554 715 3624 est,
749 3549 795 3611 ab
826 3545 958 3629 Anglii
991 3547 1155 3610 exulatus
1157 3553 1314 3651 ,fflstgqyw
1286 3516 1330 3593 ⁸¹²4

218 3669 317 3714 omne
340 3649 520 3712 dirissimae
542 3648 736 3712 infectionis
754 3666 923 3711 venenum
945 3647 1077 3728 passim
1105 3665 1166 3709 ex·
1152 3614 1307 3743 -goepuffih

218 3749 346 3824 halare,
370 3747 532 3830 quicquid
555 3748 658 3811 etiam
679 3745 893 3810 crudelitatis
909 3762 1040 3810 vesana
1058 3762 1167 3821 mens,

215 3857 250 3913 et
276 3848 462 3912 indiscreta
488 3848 667 3929 concipere
690 3844 788 3920 solet,
820 3863 923 3926 agere
949 3842 1167 3923 disponebat.

218 3948 284 4012 Sed
313 3947 436 4011 militia
469 3946 564 4009 illius
591 3947 625 4008 in
650 3944 815 4026 seipsum,
840 3942 918 4007 Deo
944 3941 1074 4026 judice',
1103 3941 1169 4005 fuit

218 4066 397 4123 conversa,
421 4047 504 4128 quia
527 4044 607 4108 dum
634 4043 722 4106 alios
751 4043 937 4119 trucidare,
957 4042 1044 4105 alios
1072 4041 1168 4105 dam-

219 4169 302 4212 nare
329 4146 508 4221 deliberat,
533 4145 608 4227 ipse
630 4140 777 4225 primum
800 4149 936 4225 captus,
953 4139 1169 4221 vinculisque

217 4245 435 4313 tenacissime
462 4245 676 4325 constrictus
698 4242 931 4307 damnationis
962 4239 1165 4326 sententiam
