3167 5000
397 426 441 491 94
717 435 831 485 essm
857 434 1049 493 srsrusur,

398 595 447 676 gii
461 594 763 676 praesumptionem
780 592 948 673 excepere
962 588 1191 655 sententiam:
1215 588 1259 653 de
1274 587 1351 668 qui-

398 696 464 759 bus
486 694 635 775 plurima
657 692 821 774 praesenti
844 691 941 773 operi
963 690 1114 753 inserere
1134 684 1351 761 desudarem,

398 793 465 857 nisi
492 800 528 857 et
555 791 749 873 legentibus
777 790 919 855 taedium
943 790 1112 869 ingerere,
1139 793 1175 851 et
1198 782 1352 866 longea

399 888 545 959 materia
558 892 694 957 viderer
708 892 881 955 aberrare.

238 1012 317 1050 mue
326 1010 376 1050 sul
451 990 626 1057 Robertus
644 990 760 1071 igitur,
777 986 1004 1052 Glaornensis
1026 1004 1153 1060 comes,
1169 982 1232 1048 tali
1248 981 1351 1047 modo

237 1062 262 1100 ol
270 1060 370 1100 Gloueer-

237 1114 363 1149 umtum.
399 1089 491 1171 apud
508 1087 699 1153 Wiltouam
718 1084 865 1152 victoria
883 1085 1026 1167 potitus,
1046 1103 1124 1147 cum
1147 1081 1265 1147 multis
1288 1100 1350 1145 ex-

237 1159 354 1201 ⁸⁰⁸¹¹¹t⁰L
400 1188 594 1263 esttecum
608 1185 785 1253 Willelmo
809 1186 914 1251 etiam
937 1182 1113 1259 Martello,
1133 1180 1278 1261 albsuue
1298 1180 1351 1243 in·

401 1286 553 1351 numeris
571 1285 731 1367 captivis,
747 1284 921 1349 Bristoam
947 1282 1143 1354 adveniens,
1168 1280 1206 1343 in
1230 1278 1352 1343 arctis«.

401 1384 499 1449 simae
512 1403 592 1449 eum
606 1382 773 1447 custodiae
791 1380 1040 1447 districtionem
1058 1378 1218 1452 retr-usim
1242 1377 1352 1441 donoc

403 1481 543 1547 tandem
572 1481 718 1557 reddito,
744 1480 839 1562 quod
863 1480 956 1544 illius
988 1478 1201 1543 subdebatur
1237 1484 1352 1557 potes-

323 1610 333 1640 ·
367 1582 480 1656 etuti,
512 1580 736 1645 Siresburniae
769 1578 925 1654 castello,
956 1577 1135 1642 latissimae
1167 1575 1353 1657 provinciae

403 1679 599 1761 indemptus
622 1677 689 1742 fuit
711 1676 953 1759 principatum.
1004 1674 1224 1757 Quicumque
1237 1674 1355 1755 itaque

404 1778 480 1857 regi
508 1776 683 1853 favebant,
722 1776 847 1841 misere
882 1795 925 1841 eo
952 1775 990 1839 io
1017 1782 1171 1855 tempore
1200 1773 1355 1855 depressi

405 1876 684 1951 humiliabantur,
709 1880 783 1941 tum
805 1876 889 1955 quia
917 1893 980 1937 rex
1012 1871 1035 1937 a
1062 1870 1252 1938 wiltonics
1277 1892 1356 1936 con·

406 1975 594 2055 gressione,
609 1973 681 2041 suis
702 1974 899 2055 captivatis,
915 1972 1144 2052 ignominiose
1160 1970 1355 2052 diffugerat,

405 2080 480 2139 tum
513 2074 595 2153 quia
630 2072 811 2137 castellum
838 2071 1032 2152 praefatum,
1060 2071 1153 2152 quod
1181 2090 1252 2135 una
1281 2079 1356 2136 erat

406 2172 512 2237 totius
526 2170 624 2250 regni
639 2169 758 2245 clavis,
773 2188 889 2234 comes
904 2168 1131 2234 Glaornensis
1149 2169 1186 2232 in
1200 2169 1356 2252 suijuris

244 2292 389 2333 suaa-sor
407 2269 595 2336 dominium
621 2276 833 2350 susceperat.
893 2264 940 2333 Et
967 2288 1083 2334 comes
1110 2268 1264 2349 quidem,
1285 2270 1356 2331 sui·

243 2343 373 2433 &iffi
408 2388 475 2450 que
498 2368 730 2443 consentanei,
744 2367 929 2433 victoriose
952 2387 991 2431 se
1012 2367 1246 2449 postmodum,
1268 2366 1355 2430 bila·

408 2468 572 2549 riterque,
592 2466 779 2544 continere,
794 2486 938 2548 regnum
955 2466 1122 2532 latissime
1147 2468 1183 2531 in
1202 2485 1275 2531 suae
1294 2487 1356 2550 po·

408 2567 546 2633 testatis
570 2566 653 2649 jura
680 2565 849 2646 redigere,
865 2566 1021 2642 castella,
1043 2567 1114 2631 ista
1138 2564 1160 2629 a
1181 2566 1357 2647 regalibus

410 2683 581 2747 possessa,
608 2663 779 2740 ardenter,
799 2671 835 2728 et
848 2665 1001 2728 virtuose
1023 2665 1212 2741 destruere,
1228 2666 1290 2728 illa
1311 2665 1356 2729 ad
1422 2718 1425 2723 .

410 2784 470 2830 eos
498 2763 635 2830 enixius
672 2763 880 2829 edomandos
918 2763 1222 2845 triumphatissima
1250 2765 1357 2828 surri-

404 2853 504 2943 gere,
518 2861 763 2943 dimidiamque
785 2862 857 2926 fere
879 2861 1057 2942 Angliam,
1074 2860 1096 2925 a
1115 2865 1202 2927 mari
1216 2862 1253 2926 in
1266 2863 1358 2926 latus

410 2979 519 3041 usque
548 2960 592 3026 ad
614 2979 722 3036 mare,
743 2960 879 3041 legibus
906 2961 991 3036 suis,
1018 2968 1054 3025 et
1074 2962 1269 3044 praeceptis,
1285 2963 1359 3024 sine

411 3058 504 3123 omni
527 3057 665 3124 omnine
693 3058 876 3122 resistente
907 3059 1077 3124 addicere.
1131 3059 1211 3123 Hoc
1242 3069 1358 3125 autem

410 3157 504 3224 illius
536 3157 736 3234 dominium,
766 3176 864 3238 paee,
892 3163 928 3221 et
956 3158 1207 3239 tranquillitate
1231 3161 1360 3242 ubique

412 3253 609 3332 reformati,
625 3255 812 3338 plurimum
826 3256 1025 3332 decorabat,
1042 3265 1189 3340 excepto
1207 3258 1301 3339 quod
1324 3260 1360 3324 in

411 3356 564 3420 castellis
585 3355 658 3418 suis
676 3353 889 3420 edificandis
902 3356 1141 3436 operationum
1161 3359 1361 3422 exactiones

412 3455 457 3517 ab
486 3453 644 3518 omuibus
667 3453 851 3532 exigebam
886 3459 922 3516 et
949 3455 1108 3534 quotiens
1133 3454 1214 3519 edm
1237 3457 1361 3521 adver-

412 3551 513 3617 sariis
535 3557 626 3614 esset
648 3550 951 3630 congrediendum,
970 3555 1122 3620 omnium
1141 3556 1207 3619 sibi
1222 3555 1363 3620 auxilia

413 3650 614 3725 asciscebat,
630 3649 687 3716 rel
704 3649 741 3714 in
760 3649 926 3715 militibus
944 3652 1133 3733 mittendis,
1155 3653 1208 3718 vel
1225 3655 1263 3716 in
1283 3655 1362 3718 aeris

413 3748 643 3832 descriptione
668 3748 853 3816 reddenda.
907 3751 954 3820 Et
981 3758 1058 3816 erat
1079 3753 1219 3834 quidem
1236 3753 1305 3817 illis
1326 3753 1363 3816 iu

414 3849 571 3930 partibus
592 3849 715 3914 umbra
737 3849 898 3930 quaedam
917 3850 1026 3933 pacis,
1044 3851 1106 3914 sed
1126 3871 1198 3932 pax
1217 3852 1363 3917 necdum

414 3948 592 4028 perlecta:
623 3947 706 4028 quia
731 3947 817 4013 nihil
835 3948 1081 4030 compatriotas
1107 3950 1235 4014 anxius
1257 3970 1363 4032 auge-

414 4047 488 4122 bat,
503 4043 608 4128 quam
630 4046 790 4124 nonsibi,
807 4047 870 4112 sed
887 4047 964 4112 aliis
983 4047 1154 4127 laborare,
1168 4051 1363 4116 materiam-
