3167 5000
400 499 444 561 54
711 510 825 558 θΒΒΤΑ
848 508 1041 567 STEPHANI,

401 663 479 726 aliis
507 662 660 743 negociis
691 660 891 726 alacerrime
922 659 1096 724 Henricus
1125 664 1161 721 et
1190 656 1354 751 fidissime

401 769 522 826 contra
549 762 642 844 regis
667 762 883 826 adversarios
909 758 1111 834 decertavit,
1133 757 1354 839 quemadmo-

369 875 372 882 ’
402 861 484 924 dum
520 861 592 924 suis
615 861 651 923 in
678 862 763 926 locis
788 861 824 924 in
852 858 1014 943 praesenti
1044 855 1188 921 historia
1216 856 1355 939 plenibs

403 960 656 1024 deflorabimus.

447 1059 542 1122 Dum
558 1059 686 1122 talibus
701 1058 856 1134 divorsis,
872 1064 912 1120 ut
922 1016 1147 1120 dilucidatum
1162 1060 1227 1131 est,
1244 1055 1355 1119 modis

247 1194 274 1222 ιη
288 1144 336 1223 {⁰2¹⁸
402 1156 533 1239 Anglia
547 1160 755 1234 turbaretur,
774 1153 989 1221 Baldvinus¹
1005 1155 1069 1230 vir,
1084 1161 1125 1218 ut
1138 1153 1267 1218 dictum
1290 1162 1354 1231 est,

355 1263 360 1274 '
403 1275 601 1338 generosus,
622 1263 658 1320 et
680 1258 724 1320 ab
739 1253 882 1338 Anglia,
904 1261 1049 1336 urgente
1072 1273 1166 1335 rege,
1182 1253 1354 1331 exulatus,

404 1375 483 1418 cum
509 1353 643 1431 florida,
667 1362 703 1419 et
722 1355 803 1418 lorti
825 1355 972 1418 militum
997 1351 1139 1418 caterva
1158 1352 1251 1435 apud
1270 1354 1354 1416 civi-

403 1461 511 1518 tatem
526 1454 694 1519 Warham
718 1453 896 1536 applicuit,
911 1460 1161 1534 susceptusque
1177 1452 1213 1513 in
1227 1450 1357 1515 Gorfli²

404 1572 473 1616 uno
509 1554 659 1618 omnium
690 1551 884 1634 Anglorum
925 1551 1069 1616 castello
1097 1551 1280 1627 tutissimo,
1310 1552 1354 1617 ad

404 1652 636 1715 obsistendum
660 1653 746 1733 regi,
773 1671 876 1733 quem
907 1649 1014 1733 prope
1040 1649 1238 1726 affuturum,
1261 1649 1354 1715 lama

404 1750 592 1827 revelante,
621 1758 835 1833 perceperat,
866 1749 1034 1832 intrepide
1065 1768 1141 1814 sese
1174 1768 1253 1812 cum
1283 1752 1355 1813 suis

404 1850 564 1912 accinxit.
628 1849 708 1913 Rex
732 1856 849 1913 autem
876 1847 956 1912 crim
986 1848 1029 1911 de
1058 1867 1122 1911 suo
1151 1847 1303 1911 adventu
1333 1869 1355 1915 a

404 1948 476 2010 suis
497 1948 689 2012 fautoribus
709 1955 987 2029 praemoneretur,
1002 1947 1135 2010 nullum
1152 1966 1258 2011 morae
1275 1967 1354 2029 spa·

403 2047 489 2110 tium
525 2046 678 2122 indulsit,
712 2047 773 2112 sed
810 2047 875 2111 sibi
910 2046 1199 2110 consentientibus
1235 2066 1356 2128 quam·

242 2175 294 2271 ιιι
287 2174 337 2262 1203
346 2175 382 2213 ι..
403 2144 505 2209 citius
532 2145 720 2220 advocatis,
736 2147 848 2210 ante
838 2164 952 2227 rpsum
972 2145 1157 2228 improvise
1174 2145 1354 2210 castellum

240 2223 312 2361 {illm
319 2224 370 2312 alt
368 2235 614 2308 ‘Baldvinum
644 2245 848 2307 obsessurus
876 2244 1027 2321 advenit,
1056 2245 1172 2325 ibique
1201 2251 1354 2326 tempore

242 2323 382 2422 llll‘l'ogffld
383 2341 594 2406 diutissimo
619 2361 845 2420 commorans,
860 2343 943 2406 dum
967 2343 1084 2407 lrostes
1106 2350 1168 2407 aut
1190 2344 1355 2408 machinis

405 2440 569 2524 affligere,
588 2449 650 2507 aut
664 2442 754 2507 lame
776 2441 910 2508 afficere
932 2444 1087 2525 putabat,
1111 2442 1253 2507 consilio
1277 2449 1354 2507 tan-

404 2539 482 2604 dem
506 2560 659 2618 suorum,
674 2539 789 2606 soluta
804 2542 991 2618 obsidione,
1005 2543 1118 2605 virum
1136 2541 1245 2605 illaese
1258 2562 1353 2606 sece-

404 2638 485 2702 dere
509 2641 674 2722 permisit,
700 2640 741 2704 ed
767 2641 860 2722 qudd
886 2640 1039 2704 audisset
1056 2641 1248 2705 Robertum
1268 2640 1354 2705 Gla-

403 2739 509 2803 orniae
531 2740 702 2816 comitem,
716 2746 752 2803 et
766 2758 918 2803 sororem
933 2740 1036 2815 illius,
1051 2740 1244 2803 obstinaces
1257 2743 1356 2821 regni

403 2836 458 2899 sni
484 2838 705 2914 insecutores,
727 2838 858 2902 viribus
886 2839 959 2901 suis
987 2840 1023 2901 in
1051 2857 1158 2902 unum
1183 2839 1354 2915 adunatis,

404 2953 514 3015 nuper
528 2935 692 3015 Angliam
714 2938 951 3017 ingressuros:
974 2956 1062 3001 nove
1081 2956 1129 3012 se,
1148 2943 1183 3001 et
1208 2939 1279 3001 suis
1301 2939 1352 3001 in·
1382 2931 1384 2934 ’

404 3033 495 3109 sciis,
510 3034 546 3096 in
560 3052 704 3114 regnum
719 3042 980 3117 prorumperent
993 3035 1140 3099 sollicite
1154 3056 1354 3118 procurans,

404 3150 521 3195 omnes
545 3139 707 3215 portuum
736 3133 852 3197 aditus
882 3141 982 3197 nocte
1013 3134 1205 3215 diligenter,
1228 3142 1263 3199 et
1288 3136 1355 3213 die,

242 2382 294 2460 llee.

403 3232 587 3296 observare
610 3233 786 3315 praecepit,
813 3232 1003 3297 consultibs
1029 3234 1094 3297 sibi
1116 3234 1296 3310 arbitrans,
1319 3242 1356 3298 et

403 3331 626 3407 commodius,
659 3351 811 3395 summos
841 3333 1054 3396 inimicorum
1085 3339 1215 3414 quanto
1237 3342 1355 3415 posset

403 3430 480 3491 nisu
501 3431 678 3510 impedire,
700 3429 806 3513 quam
826 3431 871 3494 ad
894 3431 1102 3494 Baldvinum
1123 3439 1217 3496 totus
1242 3433 1352 3496 inten-

403 3525 499 3601 dens,
513 3534 548 3590 et
563 3528 636 3608 ipse
657 3529 829 3593 interdum
843 3531 888 3593 ab
902 3530 979 3593 aliis
996 3530 1227 3612 impediretur.
1273 3531 1353 3607 Sed,

402 3631 442 3687 ut
458 3626 624 3707 scriptum
650 3634 713 3704 est,
732 3648 800 3691 non
823 3635 876 3692 est
897 3629 1078 3710 sapientia,
1098 3650 1167 3693 non
1192 3637 1244 3694 est
1270 3650 1352 3711 pru-

402 3722 529 3802 dentia,
554 3734 697 3790 nonest
723 3728 902 3791 concilim
925 3735 1046 3792 contra
1065 3729 1261 3804 Dominum,
1290 3749 1354 3795 nec

401 3824 496 3889 valet
519 3825 660 3890 humani
682 3828 831 3909 pectoris
853 3828 981 3891 astutia
1003 3828 1158 3891 devitare
1178 3827 1269 3910 quod
1285 3828 1354 3891 Dei

401 3921 570 4003 disposuit
593 3926 809 4008 providentia
835 3946 948 4008 agere.
1001 3926 1146 4003 Scimus,
1162 3928 1245 4008 quia
1269 3928 1351 3990 snb·

401 4019 463 4083 diti
489 4021 674 4104 aliquando
697 4045 760 4106 pro
785 4026 869 4102 suis,
885 4026 1070 4107 aliquando
1090 4046 1153 4108 pro
1171 4028 1352 4109 praeposit-

433 4233 441 4267 ¹
460 4237 501 4287 Sc.
513 4238 546 4287 de
558 4240 679 4290 Redvers.
877 4241 883 4308 Ι
933 4241 944 4271 ²
959 4244 1034 4294 Corte
1046 4245 1134 4295 castle.
