3167 5000
417 446 461 511 78
723 459 838 507 ousrs
861 458 1054 516 svnrusru,

404 625 624 683 testamento
647 617 892 692 haereditando,
908 616 1009 679 enixe
1034 616 1251 698 supplicavit.
1303 618 1371 683 Sed

251 736 333 783 rrum
342 736 365 775 in
419 717 498 783 chm
509 719 615 794 duris,
627 725 662 782 et
677 718 864 780 inhonestis
878 716 1071 779 conviciata
1086 716 1231 798 injuriis,
1243 716 1372 799 ¹neque

251 786 389 833 negocistion,
422 818 428 831 ,

251 835 378 875 sunaus
419 838 506 899 ipsa,
522 837 632 899 neque
654 817 715 892 illi,
732 818 791 897 qui
804 817 880 879 vice
903 815 994 878 illius
1016 815 1242 897 supplicaturi
1256 836 1372 881 acces-

252 895 326 924 0011Πο
335 890 357 923 io

252 936 380 993 amcam
419 924 545 994 serant,
571 936 644 979 suae
670 915 843 996 petitionis
875 921 1050 995 compotes
1080 915 1294 992 exstiterant,
1317 938 1370 981 re·

250 984 407 1083 hillidii
419 1017 511 1095 gina,
528 1015 620 1097 quod
636 1034 737 1097 prece
752 1033 822 1077 non
834 1014 957 1089 valuit,
971 1015 1076 1077 armis
1090 1014 1273 1095 impetrare
1287 1035 1369 1081 con-

251 1083 377 1123 mm'
418 1114 538 1191 fidens,
562 1112 872 1195 splendidissimum
901 1112 1120 1176 militantium
1155 1113 1260 1177 decus
1289 1122 1370 1179 ante

419 1213 625 1288 Londonias,
652 1232 696 1276 ex
726 1210 836 1275 alteri
864 1212 960 1274 fluvii
989 1212 1139 1292 regione,
1169 1214 1368 1291 transmisit,

417 1320 523 1395 utque
546 1319 660 1394 raptu,
687 1318 722 1374 et
746 1310 915 1387 incendio,
937 1308 1112 1386 violentiis,
1130 1317 1166 1374 et
1188 1311 1304 1391 gladio
1333 1314 1370 1376 in

416 1411 1370 1491 comitissae,suorumqueprospectu,ardentissimdcirca

322 1580 325 1585 Δ
416 1511 588 1574 civitatem
624 1509 838 1585 desaevirent,
872 1509 1046 1590 praeccpit.
1114 1509 1369 1575 Londonienses

416 1610 522 1690 igitur
531 1608 714 1690 plurimum
726 1607 867 1687 anxiati,
879 1608 969 1685 hinc,
980 1608 1062 1689 quia
1076 1608 1111 1670 in
1126 1628 1243 1672 eorum
1258 1610 1368 1675 oculis

415 1708 536 1789 patria,
570 1707 775 1781 nudabatur,
825 1706 1007 1788 hostilique
1043 1707 1297 1788 depraedatione
1332 1710 1368 1771 in

416 1807 536 1869 domos
559 1804 696 1869 hericiiq
710 1806 940 1886 redigebatur,
956 1826 1019 1869 nec
1039 1807 1099 1889 qui
1120 1806 1368 1888 suffragaretur

249 1924 391 1965 rustum·
416 1906 452 1967 in
474 1912 634 1987 promptu
656 1905 858 1980 habebatur,
885 1905 976 1980 inde,
998 1905 1080 1986 quia
1105 1925 1195 1969 nova
1220 1905 1281 1969 illa
1306 1906 1368 1970 do·

248 1975 404 2073 bibliis.
416 2005 509 2068 mina
530 2004 743 2067 discretionis
765 2011 875 2067 metas
889 2004 1132 2067 transcendens
1146 2005 1368 2070 immoderate

249 2074 314 2123 eulty,
327 2075 395 2114 deter-

236 2124 342 2183 -mpeon
416 2123 455 2167 se
470 2110 590 2166 contra
616 2122 673 2165 eos
698 2103 864 2187 erigebat,
879 2122 942 2166 nec
964 2103 1090 2167 futurae
1111 2123 1188 2167 eam
1210 2123 1368 2169 mausue-

244 2173 373 2265 bi'ii'l‘h‘
417 2202 554 2278 tudiu'u,
584 2202 639 2265 vel
668 2202 805 2283 pietatis
834 2201 1028 2265 habituram
1056 2222 1141 2283 erga
1169 2222 1206 2266 se
1234 2203 1368 2267 viscera

415 2303 613 2383 sperabant,
642 2300 721 2364 crhn
750 2302 785 2363 in
820 2301 930 2382 primo
954 2300 1030 2383 jam
1058 2302 1223 2381 regnandi
1253 2303 1366 2383 capite

415 2420 555 2463 suorum
578 2419 796 2482 nequaquam
818 2399 958 2463 miserta
979 2399 1206 2464 intolerabilia
1223 2401 1271 2464 eis
1287 2421 1365 2483 pos-

411 2501 566 2564 tularet:
605 2501 768 2582 quocirca
796 2498 938 2580 dignum
965 2499 1125 2564 consultu
1152 2497 1367 2583 judicdrunt,

412 2606 451 2662 ut
465 2618 544 2662 cum
560 2597 692 2678 regini,
712 2599 820 2680 pacis
837 2605 872 2662 et
886 2599 1185 2663 confoederationis
1207 2601 1366 2681 pactione

411 2695 656 2780 redintegrata,
674 2698 718 2761 ad
743 2717 873 2778 regem,
902 2704 938 2761 et
965 2698 1140 2761 domiuum
1169 2717 1192 2762 a
1221 2699 1367 2763 vinculis

411 2798 597 2861 eruendum
630 2797 836 2860 unanimiter
873 2797 1128 2878 conspirarent:
1172 2797 1265 2878 qubd
1302 2818 1365 2880 pro

412 2916 494 2976 rege
508 2896 608 2959 nimis
625 2896 751 2972 subitb,
766 2895 866 2958 nimis
881 2902 916 2959 et
933 2895 1114 2960 indiscrete
1130 2896 1260 2974 relicto,
1270 2897 1366 2980 juste

413 2995 535 3070 notati,
551 2994 740 3077 injunctam
766 2995 830 3057 sibi
854 3013 1020 3058 novorum
1040 2996 1255 3080 tyrannidem
1277 3016 1365 3078 quo·

414 3093 586 3174 quomodo
602 3093 753 3175 spirante
770 3093 883 3156 adhuc
901 3113 982 3174 rege
998 3094 1220 3176 susciperent.

245 3210 389 3299 rtpqtmn·
459 3192 547 3257 Cum
574 3191 656 3274 ergo
684 3193 858 3257 comitissa
886 3192 968 3274 quid
997 3212 1102 3274 super
1134 3193 1365 3275 postulatione

246 3263 365 3359 iobii?
413 3291 478 3358 suit
503 3293 596 3356 cives
622 3292 865 3374 responderent
887 3292 1073 3356 voluntatis
1101 3291 1283 3374 implendae
1311 3312 1365 3356 se·

413 3411 496 3481 cura
518 3390 784 3473 praestolaretur,
801 3391 910 3454 omnis
932 3391 1053 3454 civitas
1062 3392 1268 3455 sonantibus
1290 3392 1366 3455 uhi-

412 3509 480 3571 que
503 3490 690 3571 campanis,
709 3489 847 3570 signum
870 3489 1030 3553 videlicet
1053 3489 1097 3553 ad
1126 3490 1254 3554 bellum
1285 3511 1365 3573 pro-

411 3588 598 3669 grediendi,
623 3587 667 3651 ad
698 3607 795 3651 arma
821 3587 1027 3665 convolavit,
1049 3608 1235 3672 omnesque
1259 3610 1365 3653 unum

410 3688 574 3752 habentes
589 3687 739 3753 animum
764 3687 800 3751 in
822 3688 1042 3765 comitissam,
1057 3695 1093 3752 et
1115 3708 1196 3753 suos
1221 3689 1365 3754 atrocis-

445 3914 452 3943 ¹
471 3918 608 3967 Duchesnc
629 3917 714 3977 reads,
725 3919 732 3944 ‘
742 3922 794 3966 tam
814 3916 871 3978 ipsa
897 3921 953 3966 text
968 3917 992 3967 is
1010 3922 1038 3967 at
1048 3919 1113 3967 least
1123 3932 1207 3980 sense,
1222 3918 1308 3968 which
1322 3918 1365 3968 tha

409 4002 486 4048 quam
502 3992 528 4036 et
538 3987 594 4049 illi,'
607 3989 698 4035 etc.-‘
706 3986 873 4047 exstiterunt,'
898 3991 952 4035 text
962 3987 992 4036 of
995 3987 1134 4037 Duchesne
1145 3994 1240 4038 cannot
1243 3990 1275 4037 be
1282 3989 1366 4050 made,

408 4057 459 4105 and
477 4058 503 4104 in
520 4057 562 4105 the
575 4057 673 4118 margin
684 4056 802 4118 explains
813 4056 874 4104 ‘ex·
897 4056 1006 4104 without
1021 4072 1037 4107 a
1049 4062 1150 4120 strange
1162 4059 1255 4107 stretch
1266 4058 1296 4108 os
1303 4060 1367 4107 ima·

409 4126 537 4174 stiteraut’
567 4127 602 4186 by
623 4126 691 4173 ‘nou
719 4127 874 4175 existerent!
899 4126 1020 4188 giustion.

407 4195 461 4244 The
478 4197 621 4257 conjecture
639 4209 697 4243 now
708 4196 782 4256 given
793 4196 820 4243 in
832 4195 873 4244 the
934 4193 1080 4257 'Anglice,
1092 4211 1108 4245 a
1119 4195 1260 4267 hedgehog.
