<?xml version="1.0" encoding="UTF-8"?>
<!DOCTYPE html PUBLIC "-//W3C//DTD XHTML 1.0 Transitional//EN"
    "http://www.w3.org/TR/xhtml1/DTD/xhtml1-transitional.dtd">
<html xmlns="http://www.w3.org/1999/xhtml" xml:lang="en" lang="en">
 <head>
  <title>
</title>
<meta http-equiv="Content-Type" content="text/html;charset=utf-8" />
  <meta name='ocr-system' content='tesseract 3.04.00' />
  <meta name='ocr-capabilities' content='ocr_page ocr_carea ocr_par ocr_line ocrx_word'/>
</head>
<body>
  <div class='ocr_page' id='page_1' title='image "./gestastephanire00sewegoog_0039.png"; bbox 0 0 3167 5000; ppageno 0'>
   <div class='ocr_carea' id='block_1_1' title="bbox 419 476 1060 546">
    <p class='ocr_par' dir='ltr' id='par_1_1' title="bbox 419 476 1060 546">
     <span class='ocr_line' id='line_1_1' title="bbox 419 476 1060 546; baseline 0 -12"><span class='ocrx_word' id='word_1_1' title='bbox 419 476 462 542; x_wconf 84' lang='lat'><strong>18</strong></span> <span class='ocrx_word' id='word_1_2' title='bbox 726 489 840 538; x_wconf 74' lang='lat' dir='ltr'><strong>ossus</strong></span> <span class='ocrx_word' id='word_1_3' title='bbox 867 488 1060 546; x_wconf 72' lang='lat' dir='ltr'><strong>susanam,</strong></span> 
     </span>
    </p>
   </div>
   <div class='ocr_carea' id='block_1_2' title="bbox 252 640 1369 2124">
    <p class='ocr_par' dir='ltr' id='par_1_2' title="bbox 252 640 1369 2124">
     <span class='ocr_line' id='line_1_2' title="bbox 419 640 1369 728; baseline -0.009 -16"><span class='ocrx_word' id='word_1_4' title='bbox 419 648 584 724; x_wconf 88' lang='lat' dir='ltr'><strong>rabimns,</strong></span> <span class='ocrx_word' id='word_1_5' title='bbox 606 665 684 711; x_wconf 88' lang='lat' dir='ltr'><strong>eum</strong></span> <span class='ocrx_word' id='word_1_6' title='bbox 702 641 943 728; x_wconf 86' lang='lat' dir='ltr'><strong>lmpulissent.¹</strong></span> <span class='ocrx_word' id='word_1_7' title='bbox 984 643 1031 707; x_wconf 86' lang='lat' dir='ltr'><strong>Et</strong></span> <span class='ocrx_word' id='word_1_8' title='bbox 1055 640 1132 706; x_wconf 88' lang='lat' dir='ltr'><strong>istis</strong></span> <span class='ocrx_word' id='word_1_9' title='bbox 1153 640 1292 723; x_wconf 83' lang='lat' dir='ltr'><strong>quidem</strong></span> <span class='ocrx_word' id='word_1_10' title='bbox 1306 640 1369 704; x_wconf 84' lang='lat' dir='ltr'><strong>tali</strong></span> 
     </span>
     <span class='ocr_line' id='line_1_3' title="bbox 421 740 1368 831; baseline -0.012 -17"><span class='ocrx_word' id='word_1_11' title='bbox 421 747 523 814; x_wconf 91' lang='lat' dir='ltr'><strong>modo</strong></span> <span class='ocrx_word' id='word_1_12' title='bbox 550 746 732 831; x_wconf 85' lang='lat' dir='ltr'><strong>peroratis,</strong></span> <span class='ocrx_word' id='word_1_13' title='bbox 761 746 798 808; x_wconf 93' lang='lat' dir='ltr'><strong>in</strong></span> <span class='ocrx_word' id='word_1_14' title='bbox 827 740 899 808; x_wconf 81' lang='lat' dir='ltr'><strong>unt</strong></span> <span class='ocrx_word' id='word_1_15' title='bbox 924 743 1077 808; x_wconf 89' lang='lat' dir='ltr'><strong>omnium</strong></span> <span class='ocrx_word' id='word_1_16' title='bbox 1104 759 1202 824; x_wconf 77' lang='lat' dir='ltr'><strong>pecc,</strong></span> <span class='ocrx_word' id='word_1_17' title='bbox 1225 749 1261 807; x_wconf 92' lang='lat' dir='ltr'><strong>et</strong></span> <span class='ocrx_word' id='word_1_18' title='bbox 1285 760 1368 806; x_wconf 92' lang='lat' dir='ltr'><strong>con·</strong></span> 
     </span>
     <span class='ocr_line' id='line_1_4' title="bbox 419 843 983 922; baseline -0.002 -11"><span class='ocrx_word' id='word_1_19' title='bbox 419 845 541 922; x_wconf 67' lang='lat' dir='ltr'><strong>¹cordia</strong></span> <span class='ocrx_word' id='word_1_20' title='bbox 556 845 738 911; x_wconf 88' lang='lat' dir='ltr'><strong>concilium</strong></span> <span class='ocrx_word' id='word_1_21' title='bbox 754 851 809 908; x_wconf 90' lang='lat' dir='ltr'><strong>est</strong></span> <span class='ocrx_word' id='word_1_22' title='bbox 821 843 983 910; x_wconf 82' lang='lat' dir='ltr'><strong>solutum.</strong></span> 
     </span>
     <span class='ocr_line' id='line_1_5' title="bbox 257 939 1368 1026; baseline -0.008 -13"><span class='ocrx_word' id='word_1_23' title='bbox 257 965 369 1004; x_wconf 65' lang='lat' dir='ltr'><strong>masor</strong></span> <span class='ocrx_word' id='word_1_24' title='bbox 475 947 623 1012; x_wconf 84' lang='lat' dir='ltr'><strong>Exstitit</strong></span> <span class='ocrx_word' id='word_1_25' title='bbox 646 966 688 1012; x_wconf 85' lang='lat' dir='ltr'><strong>eo</strong></span> <span class='ocrx_word' id='word_1_26' title='bbox 716 945 752 1008; x_wconf 90' lang='lat' dir='ltr'><strong>in</strong></span> <span class='ocrx_word' id='word_1_27' title='bbox 779 951 934 1026; x_wconf 88' lang='lat' dir='ltr'><strong>tempore</strong></span> <span class='ocrx_word' id='word_1_28' title='bbox 960 942 1136 1008; x_wconf 88' lang='lat' dir='ltr'><strong>Robertus</strong></span> <span class='ocrx_word' id='word_1_29' title='bbox 1164 939 1303 1023; x_wconf 90' lang='lat' dir='ltr'><strong>quidam</strong></span> <span class='ocrx_word' id='word_1_30' title='bbox 1325 941 1368 1004; x_wconf 92' lang='lat' dir='ltr'><strong>de</strong></span> 
     </span>
     <span class='ocr_line' id='line_1_6' title="bbox 256 1015 1368 1124; baseline 0.001 -21"><span class='ocrx_word' id='word_1_31' title='bbox 256 1015 374 1106; x_wconf 48' lang='lat'><strong>3252}</strong></span> <span class='ocrx_word' id='word_1_32' title='bbox 425 1044 674 1124; x_wconf 76' lang='lat' dir='ltr'><strong>Batthentont,</strong></span> <span class='ocrx_word' id='word_1_33' title='bbox 696 1045 796 1109; x_wconf 90' lang='lat' dir='ltr'><strong>miles</strong></span> <span class='ocrx_word' id='word_1_34' title='bbox 813 1041 934 1108; x_wconf 74' lang='lat' dir='ltr'><strong>reveri</strong></span> <span class='ocrx_word' id='word_1_35' title='bbox 956 1061 1021 1109; x_wconf 88' lang='lat' dir='ltr'><strong>neo</strong></span> <span class='ocrx_word' id='word_1_36' title='bbox 1040 1039 1220 1122; x_wconf 76' lang='lat' dir='ltr'><strong>sanguinis</strong></span> <span class='ocrx_word' id='word_1_37' title='bbox 1246 1039 1368 1118; x_wconf 86' lang='lat' dir='ltr'><strong>infimi,</strong></span> 
     </span>
     <span class='ocr_line' id='line_1_7' title="bbox 426 1139 1367 1230; baseline -0.006 -18"><span class='ocrx_word' id='word_1_38' title='bbox 426 1164 488 1218; x_wconf 89' lang='lat' dir='ltr'><strong>neo</strong></span> <span class='ocrx_word' id='word_1_39' title='bbox 500 1227 502 1230; x_wconf 16' lang='grc' dir='ltr'>Ι</span> <span class='ocrx_word' id='word_1_40' title='bbox 516 1145 656 1210; x_wconf 89' lang='lat' dir='ltr'><strong>honoris</strong></span> <span class='ocrx_word' id='word_1_41' title='bbox 678 1151 844 1209; x_wconf 88' lang='lat' dir='ltr'><strong>terrarum</strong></span> <span class='ocrx_word' id='word_1_42' title='bbox 865 1143 996 1224; x_wconf 85' lang='lat' dir='ltr'><strong>exigui,</strong></span> <span class='ocrx_word' id='word_1_43' title='bbox 1014 1141 1074 1206; x_wconf 88' lang='lat' dir='ltr'><strong>sed</strong></span> <span class='ocrx_word' id='word_1_44' title='bbox 1097 1159 1209 1206; x_wconf 83' lang='lat' dir='ltr'><strong>vorax</strong></span> <span class='ocrx_word' id='word_1_45' title='bbox 1227 1139 1310 1217; x_wconf 91' lang='lat' dir='ltr'><strong>vini,</strong></span> <span class='ocrx_word' id='word_1_46' title='bbox 1332 1149 1367 1206; x_wconf 87' lang='lat' dir='ltr'><strong>et</strong></span> 
     </span>
     <span class='ocr_line' id='line_1_8' title="bbox 422 1239 1367 1326; baseline -0.004 -16"><span class='ocrx_word' id='word_1_47' title='bbox 422 1263 578 1324; x_wconf 86' lang='lat' dir='ltr'><strong>escarum</strong></span> <span class='ocrx_word' id='word_1_48' title='bbox 601 1249 834 1326; x_wconf 82' lang='lat' dir='ltr'><strong>consumptor,</strong></span> <span class='ocrx_word' id='word_1_49' title='bbox 859 1242 951 1324; x_wconf 85' lang='lat' dir='ltr'><strong>gulae</strong></span> <span class='ocrx_word' id='word_1_50' title='bbox 978 1239 1129 1317; x_wconf 79' lang='lat' dir='ltr'><strong>tantum,</strong></span> <span class='ocrx_word' id='word_1_51' title='bbox 1152 1248 1187 1306; x_wconf 87' lang='lat' dir='ltr'><strong>et</strong></span> <span class='ocrx_word' id='word_1_52' title='bbox 1209 1241 1367 1306; x_wconf 80' lang='lat' dir='ltr'>ebrietati</span> 
     </span>
     <span class='ocr_line' id='line_1_9' title="bbox 421 1340 1368 1427; baseline -0.004 -17"><span class='ocrx_word' id='word_1_53' title='bbox 421 1344 486 1410; x_wconf 90' lang='lat' dir='ltr'><strong>sub</strong></span> <span class='ocrx_word' id='word_1_54' title='bbox 500 1364 585 1427; x_wconf 88' lang='lat' dir='ltr'><strong>pace</strong></span> <span class='ocrx_word' id='word_1_55' title='bbox 605 1344 764 1409; x_wconf 86' lang='lat' dir='ltr'><strong>vacabat.</strong></span> <span class='ocrx_word' id='word_1_56' title='bbox 805 1342 948 1406; x_wconf 85' lang='lat' dir='ltr'><strong>Mortuo</strong></span> <span class='ocrx_word' id='word_1_57' title='bbox 965 1347 1081 1407; x_wconf 89' lang='lat' dir='ltr'><strong>autem</strong></span> <span class='ocrx_word' id='word_1_58' title='bbox 1100 1359 1180 1421; x_wconf 83' lang='lat' dir='ltr'><strong>rege</strong></span> <span class='ocrx_word' id='word_1_59' title='bbox 1204 1340 1368 1419; x_wconf 88' lang='lat' dir='ltr'><strong>Henrico,</strong></span> 
     </span>
     <span class='ocr_line' id='line_1_10' title="bbox 421 1441 1366 1509; baseline -0.005 0"><span class='ocrx_word' id='word_1_60' title='bbox 421 1444 599 1509; x_wconf 77' lang='lat' dir='ltr'><strong>ebrietatis</strong></span> <span class='ocrx_word' id='word_1_61' title='bbox 624 1442 777 1508; x_wconf 89' lang='lat' dir='ltr'><strong>studium</strong></span> <span class='ocrx_word' id='word_1_62' title='bbox 800 1442 837 1505; x_wconf 89' lang='lat' dir='ltr'><strong>in</strong></span> <span class='ocrx_word' id='word_1_63' title='bbox 864 1441 1043 1506; x_wconf 85' lang='lat' dir='ltr'><strong>discordiae</strong></span> <span class='ocrx_word' id='word_1_64' title='bbox 1065 1447 1281 1504; x_wconf 91' lang='lat' dir='ltr'><strong>commutans</strong></span> <span class='ocrx_word' id='word_1_65' title='bbox 1300 1442 1366 1504; x_wconf 89' lang='lat' dir='ltr'><strong>dis-</strong></span> 
     </span>
     <span class='ocr_line' id='line_1_11' title="bbox 254 1539 1367 1624; baseline -0.005 -13"><span class='ocrx_word' id='word_1_66' title='bbox 254 1562 277 1600; x_wconf 76' lang='lat'><strong>1⁸</strong></span> <span class='ocrx_word' id='word_1_67' title='bbox 285 1561 353 1611; x_wconf 77' lang='lat' dir='ltr'><strong>runo</strong></span> <span class='ocrx_word' id='word_1_68' title='bbox 362 1561 386 1601; x_wconf 75' lang='lat' dir='ltr'><strong>or</strong></span> <span class='ocrx_word' id='word_1_69' title='bbox 420 1544 558 1624; x_wconf 84' lang='lat' dir='ltr'><strong>sidium,</strong></span> <span class='ocrx_word' id='word_1_70' title='bbox 574 1543 751 1618; x_wconf 80' lang='lat' dir='ltr'><strong>militibus,</strong></span> <span class='ocrx_word' id='word_1_71' title='bbox 768 1549 806 1606; x_wconf 91' lang='lat' dir='ltr'><strong>et</strong></span> <span class='ocrx_word' id='word_1_72' title='bbox 820 1541 1011 1622; x_wconf 74' lang='lat' dir='ltr'><strong>sagittariis</strong></span> <span class='ocrx_word' id='word_1_73' title='bbox 1032 1559 1150 1606; x_wconf 91' lang='lat' dir='ltr'><strong>secum</strong></span> <span class='ocrx_word' id='word_1_74' title='bbox 1169 1539 1205 1602; x_wconf 93' lang='lat' dir='ltr'><strong>in</strong></span> <span class='ocrx_word' id='word_1_75' title='bbox 1224 1542 1367 1606; x_wconf 88' lang='lat' dir='ltr'><strong>castello</strong></span> 
     </span>
     <span class='ocr_line' id='line_1_12' title="bbox 253 1612 1367 1724; baseline -0.006 -11"><span class='ocrx_word' id='word_1_76' title='bbox 253 1612 393 1712; x_wconf 49' lang='grc' dir='ltr'><strong>ἶῗῗιῗῗεῖῗ</strong></span> <span class='ocrx_word' id='word_1_77' title='bbox 421 1643 662 1724; x_wconf 82' lang='lat' dir='ltr'><strong>agglutinatis,</strong></span> <span class='ocrx_word' id='word_1_78' title='bbox 677 1639 798 1706; x_wconf 87' lang='lat' dir='ltr'><strong>affines</strong></span> <span class='ocrx_word' id='word_1_79' title='bbox 814 1659 933 1707; x_wconf 87' lang='lat' dir='ltr'><strong>omnes</strong></span> <span class='ocrx_word' id='word_1_80' title='bbox 946 1641 1038 1722; x_wconf 85' lang='lat' dir='ltr'><strong>igne,</strong></span> <span class='ocrx_word' id='word_1_81' title='bbox 1055 1647 1091 1705; x_wconf 89' lang='lat' dir='ltr'><strong>et</strong></span> <span class='ocrx_word' id='word_1_82' title='bbox 1111 1639 1367 1723; x_wconf 71' lang='lat' dir='ltr'><strong>depraedatione</strong></span> 
     </span>
     <span class='ocr_line' id='line_1_13' title="bbox 421 1739 1366 1824; baseline -0.001 -18"><span class='ocrx_word' id='word_1_83' title='bbox 421 1742 642 1808; x_wconf 89' lang='lat' dir='ltr'><strong>vehementer</strong></span> <span class='ocrx_word' id='word_1_84' title='bbox 668 1742 842 1808; x_wconf 85' lang='lat' dir='ltr'><strong>vexabat:</strong></span> <span class='ocrx_word' id='word_1_85' title='bbox 881 1740 1100 1822; x_wconf 87' lang='lat' dir='ltr'><strong>hominioque</strong></span> <span class='ocrx_word' id='word_1_86' title='bbox 1129 1739 1268 1803; x_wconf 88' lang='lat' dir='ltr'><strong>tandem</strong></span> <span class='ocrx_word' id='word_1_87' title='bbox 1292 1743 1366 1824; x_wconf 84' lang='lat' dir='ltr'><strong>regi</strong></span> 
     </span>
     <span class='ocr_line' id='line_1_14' title="bbox 422 1839 1367 1925; baseline 0.001 -19"><span class='ocrx_word' id='word_1_88' title='bbox 422 1841 598 1925; x_wconf 89' lang='lat' dir='ltr'><strong>Stephano</strong></span> <span class='ocrx_word' id='word_1_89' title='bbox 629 1840 797 1918; x_wconf 80' lang='lat' dir='ltr'><strong>exhibito,</strong></span> <span class='ocrx_word' id='word_1_90' title='bbox 830 1839 910 1906; x_wconf 83' lang='lat' dir='ltr'><strong>edm</strong></span> <span class='ocrx_word' id='word_1_91' title='bbox 939 1840 1119 1905; x_wconf 84' lang='lat' dir='ltr'><strong>discordiae</strong></span> <span class='ocrx_word' id='word_1_92' title='bbox 1148 1839 1298 1904; x_wconf 73' lang='lat' dir='ltr'><strong>maxime</strong></span> <span class='ocrx_word' id='word_1_93' title='bbox 1331 1849 1367 1907; x_wconf 88' lang='lat' dir='ltr'><strong>et</strong></span> 
     </span>
     <span class='ocr_line' id='line_1_15' title="bbox 420 1940 1367 2024; baseline -0.002 -18"><span class='ocrx_word' id='word_1_94' title='bbox 420 1941 666 2024; x_wconf 83' lang='lat' dir='ltr'><strong>inquietudinis</strong></span> <span class='ocrx_word' id='word_1_95' title='bbox 678 1941 818 2006; x_wconf 86' lang='lat' dir='ltr'><strong>deberet</strong></span> <span class='ocrx_word' id='word_1_96' title='bbox 836 1941 997 2006; x_wconf 89' lang='lat' dir='ltr'><strong>immunis</strong></span> <span class='ocrx_word' id='word_1_97' title='bbox 1012 1940 1175 2017; x_wconf 84' lang='lat' dir='ltr'><strong>existere,</strong></span> <span class='ocrx_word' id='word_1_98' title='bbox 1196 1940 1367 2005; x_wconf 83' lang='lat' dir='ltr'><strong>crudelior</strong></span> 
     </span>
     <span class='ocr_line' id='line_1_16' title="bbox 252 2039 1365 2124; baseline 0.01 -28"><span class='ocrx_word' id='word_1_99' title='bbox 252 2058 407 2100; x_wconf 63' lang='lat' dir='ltr'><strong>asamona</strong></span> <span class='ocrx_word' id='word_1_100' title='bbox 421 2043 566 2118; x_wconf 90' lang='lat' dir='ltr'><strong>cunctis,</strong></span> <span class='ocrx_word' id='word_1_101' title='bbox 585 2049 620 2105; x_wconf 89' lang='lat' dir='ltr'><strong>et</strong></span> <span class='ocrx_word' id='word_1_102' title='bbox 636 2041 793 2108; x_wconf 81' lang='lat' dir='ltr'><strong>infestior</strong></span> <span class='ocrx_word' id='word_1_103' title='bbox 810 2041 1011 2124; x_wconf 76' lang='lat' dir='ltr'><strong>apparebat.</strong></span> <span class='ocrx_word' id='word_1_104' title='bbox 1048 2039 1205 2106; x_wconf 88' lang='lat' dir='ltr'><strong>Vocatus</strong></span> <span class='ocrx_word' id='word_1_105' title='bbox 1220 2040 1303 2104; x_wconf 81' lang='lat' dir='ltr'><strong>verb</strong></span> <span class='ocrx_word' id='word_1_106' title='bbox 1320 2043 1365 2107; x_wconf 88' lang='lat' dir='ltr'><strong>ad</strong></span> 
     </span>
    </p>
   </div>
   <div class='ocr_carea' id='block_1_3' title="bbox 250 2109 1366 2222">
    <p class='ocr_par' dir='ltr' id='par_1_3' title="bbox 250 2109 1366 2222">
     <span class='ocr_line' id='line_1_17' title="bbox 250 2109 1366 2222; baseline 0.007 -24"><span class='ocrx_word' id='word_1_107' title='bbox 250 2109 408 2210; x_wconf 52' lang='grc' dir='ltr'><strong>ἱῗὲῗῖρῗῖῗιο</strong></span> <span class='ocrx_word' id='word_1_108' title='bbox 421 2141 550 2206; x_wconf 89' lang='lat' dir='ltr'><strong>curiam</strong></span> <span class='ocrx_word' id='word_1_109' title='bbox 582 2148 745 2222; x_wconf 88' lang='lat' dir='ltr'><strong>tauquam</strong></span> <span class='ocrx_word' id='word_1_110' title='bbox 772 2143 815 2206; x_wconf 89' lang='lat' dir='ltr'><strong>de</strong></span> <span class='ocrx_word' id='word_1_111' title='bbox 845 2140 987 2206; x_wconf 86' lang='lat' dir='ltr'><strong>rebellio</strong></span> <span class='ocrx_word' id='word_1_112' title='bbox 1011 2140 1046 2204; x_wconf 90' lang='lat' dir='ltr'><strong>in</strong></span> <span class='ocrx_word' id='word_1_113' title='bbox 1076 2159 1183 2220; x_wconf 83' lang='lat' dir='ltr'><strong>regno</strong></span> <span class='ocrx_word' id='word_1_114' title='bbox 1213 2141 1366 2206; x_wconf 85' lang='lat' dir='ltr'><strong>excitato</strong></span> 
     </span>
    </p>
   </div>
   <div class='ocr_carea' id='block_1_4' title="bbox 251 2211 1368 3721">
    <p class='ocr_par' dir='ltr' id='par_1_4' title="bbox 251 2211 1367 2624">
     <span class='ocr_line' id='line_1_18' title="bbox 251 2211 1366 2323; baseline 0.006 -26"><span class='ocrx_word' id='word_1_115' title='bbox 251 2211 393 2303; x_wconf 47' lang='lat' dir='ltr'><strong>illidi&amp;</strong></span> <span class='ocrx_word' id='word_1_116' title='bbox 419 2241 673 2317; x_wconf 81' lang='lat' dir='ltr'><strong>satisfacturus,</strong></span> <span class='ocrx_word' id='word_1_117' title='bbox 689 2241 787 2323; x_wconf 84' lang='lat' dir='ltr'><strong>piger</strong></span> <span class='ocrx_word' id='word_1_118' title='bbox 801 2241 951 2323; x_wconf 89' lang='lat' dir='ltr'><strong>quidem,</strong></span> <span class='ocrx_word' id='word_1_119' title='bbox 969 2248 1004 2304; x_wconf 89' lang='lat' dir='ltr'><strong>ct</strong></span> <span class='ocrx_word' id='word_1_120' title='bbox 1019 2240 1193 2304; x_wconf 85' lang='lat' dir='ltr'><strong>subtristis</strong></span> <span class='ocrx_word' id='word_1_121' title='bbox 1210 2240 1366 2321; x_wconf 87' lang='lat' dir='ltr'><strong>advenit;</strong></span> 
     </span>
     <span class='ocr_line' id='line_1_19' title="bbox 419 2339 1366 2425; baseline 0.002 -21"><span class='ocrx_word' id='word_1_122' title='bbox 419 2347 541 2424; x_wconf 88' lang='lat' dir='ltr'><strong>utpote</strong></span> <span class='ocrx_word' id='word_1_123' title='bbox 565 2341 625 2423; x_wconf 88' lang='lat' dir='ltr'><strong>qui</strong></span> <span class='ocrx_word' id='word_1_124' title='bbox 652 2341 795 2425; x_wconf 87' lang='lat' dir='ltr'><strong>perjurii</strong></span> <span class='ocrx_word' id='word_1_125' title='bbox 817 2340 939 2405; x_wconf 89' lang='lat' dir='ltr'><strong>sibiet</strong></span> <span class='ocrx_word' id='word_1_126' title='bbox 966 2339 1180 2404; x_wconf 89' lang='lat' dir='ltr'><strong>infidelitatis</strong></span> <span class='ocrx_word' id='word_1_127' title='bbox 1206 2341 1366 2406; x_wconf 87' lang='lat' dir='ltr'><strong>conscius</strong></span> 
     </span>
     <span class='ocr_line' id='line_1_20' title="bbox 417 2438 1367 2525; baseline 0.002 -20"><span class='ocrx_word' id='word_1_128' title='bbox 417 2441 549 2523; x_wconf 83' lang='lat' dir='ltr'><strong>regiam</strong></span> <span class='ocrx_word' id='word_1_129' title='bbox 566 2459 604 2505; x_wconf 92' lang='lat' dir='ltr'><strong>se</strong></span> <span class='ocrx_word' id='word_1_130' title='bbox 621 2441 839 2525; x_wconf 88' lang='lat' dir='ltr'><strong>majestatem</strong></span> <span class='ocrx_word' id='word_1_131' title='bbox 864 2439 1046 2507; x_wconf 85' lang='lat' dir='ltr'><strong>offendisse</strong></span> <span class='ocrx_word' id='word_1_132' title='bbox 1059 2438 1245 2522; x_wconf 83' lang='lat' dir='ltr'><strong>praendrat.</strong></span> <span class='ocrx_word' id='word_1_133' title='bbox 1275 2462 1278 2466; x_wconf 50' lang='lat'><em>⁴</em></span> <span class='ocrx_word' id='word_1_134' title='bbox 1296 2439 1367 2507; x_wconf 77' lang='lat' dir='ltr'><strong>Ac·</strong></span> 
     </span>
     <span class='ocr_line' id='line_1_21' title="bbox 418 2540 1365 2624; baseline 0.001 -19"><span class='ocrx_word' id='word_1_135' title='bbox 418 2549 560 2605; x_wconf 88' lang='lat' dir='ltr'><strong>casatus</strong></span> <span class='ocrx_word' id='word_1_136' title='bbox 576 2540 723 2624; x_wconf 90' lang='lat' dir='ltr'><strong>denique</strong></span> <span class='ocrx_word' id='word_1_137' title='bbox 747 2560 768 2605; x_wconf 85' lang='lat' dir='ltr'><strong>a</strong></span> <span class='ocrx_word' id='word_1_138' title='bbox 790 2541 959 2623; x_wconf 86' lang='lat' dir='ltr'><strong>pluribus,</strong></span> <span class='ocrx_word' id='word_1_139' title='bbox 973 2559 1119 2623; x_wconf 89' lang='lat' dir='ltr'><strong>quorum</strong></span> <span class='ocrx_word' id='word_1_140' title='bbox 1135 2541 1365 2606; x_wconf 87' lang='lat' dir='ltr'><strong>substantiam</strong></span> 
     </span>
    </p>

    <p class='ocr_par' dir='ltr' id='par_1_5' title="bbox 315 2639 1368 2824">
     <span class='ocr_line' id='line_1_22' title="bbox 315 2639 1365 2723; baseline -0.003 -15"><span class='ocrx_word' id='word_1_141' title='bbox 315 2708 317 2713; x_wconf 84' lang='grc'>,</span> <span class='ocrx_word' id='word_1_142' title='bbox 418 2640 538 2707; x_wconf 90' lang='lat' dir='ltr'><strong>hostili</strong></span> <span class='ocrx_word' id='word_1_143' title='bbox 559 2640 738 2707; x_wconf 87' lang='lat' dir='ltr'><strong>invasione</strong></span> <span class='ocrx_word' id='word_1_144' title='bbox 759 2641 961 2723; x_wconf 86' lang='lat' dir='ltr'><strong>diripuerat,</strong></span> <span class='ocrx_word' id='word_1_145' title='bbox 982 2639 1061 2704; x_wconf 79' lang='lat' dir='ltr'><strong>cum</strong></span> <span class='ocrx_word' id='word_1_146' title='bbox 1083 2659 1189 2704; x_wconf 86' lang='lat' dir='ltr'><strong>cansa</strong></span> <span class='ocrx_word' id='word_1_147' title='bbox 1210 2640 1287 2723; x_wconf 88' lang='lat' dir='ltr'><strong>ejus</strong></span> <span class='ocrx_word' id='word_1_148' title='bbox 1313 2643 1365 2706; x_wconf 78' lang='lat' dir='ltr'><strong>in-</strong></span> 
     </span>
     <span class='ocr_line' id='line_1_23' title="bbox 420 2739 1368 2824; baseline -0.005 -19"><span class='ocrx_word' id='word_1_149' title='bbox 420 2741 548 2819; x_wconf 89' lang='lat' dir='ltr'><strong>valida,</strong></span> <span class='ocrx_word' id='word_1_150' title='bbox 560 2746 595 2805; x_wconf 90' lang='lat' dir='ltr'><strong>et</strong></span> <span class='ocrx_word' id='word_1_151' title='bbox 609 2740 790 2824; x_wconf 88' lang='lat' dir='ltr'><strong>responsio</strong></span> <span class='ocrx_word' id='word_1_152' title='bbox 804 2739 962 2807; x_wconf 83' lang='lat' dir='ltr'><strong>inefficax</strong></span> <span class='ocrx_word' id='word_1_153' title='bbox 972 2747 1076 2817; x_wconf 90' lang='lat' dir='ltr'><strong>esset,</strong></span> <span class='ocrx_word' id='word_1_154' title='bbox 1085 2742 1265 2807; x_wconf 84' lang='lat' dir='ltr'><strong>sententiae</strong></span> <span class='ocrx_word' id='word_1_155' title='bbox 1274 2741 1368 2824; x_wconf 57' lang='lat' dir='ltr'><strong>judi,</strong></span> 
     </span>
    </p>

    <p class='ocr_par' dir='ltr' id='par_1_6' title="bbox 252 2839 1367 3323">
     <span class='ocr_line' id='line_1_24' title="bbox 253 2839 1366 2923; baseline 0.008 -26"><span class='ocrx_word' id='word_1_156' title='bbox 253 2859 398 2919; x_wconf 54' lang='lat' dir='ltr'><strong>manaae</strong></span> <span class='ocrx_word' id='word_1_157' title='bbox 420 2860 499 2904; x_wconf 88' lang='lat' dir='ltr'><strong>cnm</strong></span> <span class='ocrx_word' id='word_1_158' title='bbox 520 2841 678 2923; x_wconf 89' lang='lat' dir='ltr'><strong>protinus</strong></span> <span class='ocrx_word' id='word_1_159' title='bbox 707 2841 878 2917; x_wconf 87' lang='lat' dir='ltr'><strong>addictus,</strong></span> <span class='ocrx_word' id='word_1_160' title='bbox 894 2839 1093 2922; x_wconf 89' lang='lat' dir='ltr'><strong>compulsus</strong></span> <span class='ocrx_word' id='word_1_161' title='bbox 1114 2847 1169 2904; x_wconf 89' lang='lat' dir='ltr'><strong>est</strong></span> <span class='ocrx_word' id='word_1_162' title='bbox 1185 2847 1219 2904; x_wconf 87' lang='lat' dir='ltr'><strong>et</strong></span> <span class='ocrx_word' id='word_1_163' title='bbox 1241 2840 1366 2906; x_wconf 80' lang='lat' dir='ltr'><strong>‘castel-</strong></span> 
     </span>
     <span class='ocr_line' id='line_1_25' title="bbox 252 2910 1367 3025; baseline 0.009 -28"><span class='ocrx_word' id='word_1_164' title='bbox 252 2910 409 2998; x_wconf 48' lang='lat' dir='ltr'><strong>eiagdssfupm&#39;</strong></span> <span class='ocrx_word' id='word_1_165' title='bbox 420 2939 493 3003; x_wconf 92' lang='lat' dir='ltr'><strong>lum</strong></span> <span class='ocrx_word' id='word_1_166' title='bbox 508 2939 599 3020; x_wconf 84' lang='lat' dir='ltr'><strong>regis</strong></span> <span class='ocrx_word' id='word_1_167' title='bbox 608 2940 847 3006; x_wconf 81' lang='lat' dir='ltr'><strong>deliberationi</strong></span> <span class='ocrx_word' id='word_1_168' title='bbox 857 2940 1082 3017; x_wconf 89' lang='lat' dir='ltr'><strong>committere,</strong></span> <span class='ocrx_word' id='word_1_169' title='bbox 1092 2947 1127 3003; x_wconf 92' lang='lat' dir='ltr'><strong>et</strong></span> <span class='ocrx_word' id='word_1_170' title='bbox 1141 2959 1367 3025; x_wconf 90' lang='lat' dir='ltr'><strong>quaecumque</strong></span> 
     </span>
     <span class='ocr_line' id='line_1_26' title="bbox 420 3038 1365 3121; baseline 0.004 -19"><span class='ocrx_word' id='word_1_171' title='bbox 420 3038 617 3120; x_wconf 85' lang='lat' dir='ltr'><strong>possidebat</strong></span> <span class='ocrx_word' id='word_1_172' title='bbox 632 3039 666 3102; x_wconf 92' lang='lat' dir='ltr'><strong>in</strong></span> <span class='ocrx_word' id='word_1_173' title='bbox 682 3039 923 3104; x_wconf 84' lang='lat' dir='ltr'><strong>misericordiae</strong></span> <span class='ocrx_word' id='word_1_174' title='bbox 934 3039 1027 3102; x_wconf 89' lang='lat' dir='ltr'><strong>illins</strong></span> <span class='ocrx_word' id='word_1_175' title='bbox 1041 3039 1267 3121; x_wconf 88' lang='lat' dir='ltr'><strong>dispositione</strong></span> <span class='ocrx_word' id='word_1_176' title='bbox 1283 3062 1365 3106; x_wconf 92' lang='lat' dir='ltr'><strong>con·</strong></span> 
     </span>
     <span class='ocr_line' id='line_1_27' title="bbox 420 3138 1366 3227; baseline 0.003 -25"><span class='ocrx_word' id='word_1_177' title='bbox 420 3138 589 3204; x_wconf 86' lang='lat' dir='ltr'><strong>tradenda</strong></span> <span class='ocrx_word' id='word_1_178' title='bbox 602 3158 689 3227; x_wconf 86' lang='lat' dir='ltr'><strong>esse.</strong></span> <span class='ocrx_word' id='word_1_179' title='bbox 741 3138 788 3205; x_wconf 89' lang='lat' dir='ltr'><strong>Et</strong></span> <span class='ocrx_word' id='word_1_180' title='bbox 807 3138 873 3202; x_wconf 90' lang='lat' dir='ltr'><strong>hoc</strong></span> <span class='ocrx_word' id='word_1_181' title='bbox 887 3138 1040 3221; x_wconf 83' lang='lat' dir='ltr'><strong>prosectd</strong></span> <span class='ocrx_word' id='word_1_182' title='bbox 1054 3138 1151 3222; x_wconf 79' lang='lat' dir='ltr'><strong>juste</strong></span> <span class='ocrx_word' id='word_1_183' title='bbox 1177 3141 1366 3222; x_wconf 89' lang='lat' dir='ltr'><strong>provisum,</strong></span> 
     </span>
     <span class='ocr_line' id='line_1_28' title="bbox 419 3238 1365 3323; baseline 0.003 -21"><span class='ocrx_word' id='word_1_184' title='bbox 419 3239 573 3322; x_wconf 86' lang='lat' dir='ltr'><strong>satisque</strong></span> <span class='ocrx_word' id='word_1_185' title='bbox 594 3239 753 3305; x_wconf 86' lang='lat' dir='ltr'><strong>idoneum</strong></span> <span class='ocrx_word' id='word_1_186' title='bbox 769 3238 963 3323; x_wconf 89' lang='lat' dir='ltr'><strong>judicatum</strong></span> <span class='ocrx_word' id='word_1_187' title='bbox 987 3238 1064 3315; x_wconf 84' lang='lat' dir='ltr'><strong>fuit,</strong></span> <span class='ocrx_word' id='word_1_188' title='bbox 1082 3245 1123 3302; x_wconf 93' lang='lat' dir='ltr'><strong>nt</strong></span> <span class='ocrx_word' id='word_1_189' title='bbox 1139 3239 1199 3321; x_wconf 93' lang='lat' dir='ltr'><strong>qui</strong></span> <span class='ocrx_word' id='word_1_190' title='bbox 1219 3240 1365 3305; x_wconf 87' lang='lat' dir='ltr'><strong>aliorum</strong></span> 
     </span>
    </p>

    <p class='ocr_par' dir='ltr' id='par_1_7' title="bbox 419 3337 1365 3422">
     <span class='ocr_line' id='line_1_29' title="bbox 419 3337 1365 3422; baseline 0.002 -19"><span class='ocrx_word' id='word_1_191' title='bbox 419 3339 563 3419; x_wconf 86' lang='lat' dir='ltr'><strong>cupidus</strong></span> <span class='ocrx_word' id='word_1_192' title='bbox 588 3358 666 3420; x_wconf 88' lang='lat' dir='ltr'><strong>quae</strong></span> <span class='ocrx_word' id='word_1_193' title='bbox 694 3357 759 3404; x_wconf 89' lang='lat' dir='ltr'><strong>sna</strong></span> <span class='ocrx_word' id='word_1_194' title='bbox 789 3358 858 3403; x_wconf 89' lang='lat' dir='ltr'><strong>non</strong></span> <span class='ocrx_word' id='word_1_195' title='bbox 895 3346 995 3402; x_wconf 87' lang='lat' dir='ltr'><strong>erant</strong></span> <span class='ocrx_word' id='word_1_196' title='bbox 1021 3337 1150 3422; x_wconf 78' lang='lat' dir='ltr'><strong>injuste</strong></span> <span class='ocrx_word' id='word_1_197' title='bbox 1177 3339 1365 3418; x_wconf 86' lang='lat' dir='ltr'><strong>invaserat,</strong></span> 
     </span>
    </p>

    <p class='ocr_par' dir='ltr' id='par_1_8' title="bbox 414 3437 1366 3521">
     <span class='ocr_line' id='line_1_30' title="bbox 414 3437 1366 3521; baseline 0.002 -20"><span class='ocrx_word' id='word_1_198' title='bbox 414 3437 513 3519; x_wconf 89' lang='lat' dir='ltr'><strong>justo</strong></span> <span class='ocrx_word' id='word_1_199' title='bbox 540 3438 715 3519; x_wconf 87' lang='lat' dir='ltr'><strong>aequitatis</strong></span> <span class='ocrx_word' id='word_1_200' title='bbox 738 3438 872 3521; x_wconf 87' lang='lat' dir='ltr'><strong>jndicio</strong></span> <span class='ocrx_word' id='word_1_201' title='bbox 897 3444 933 3503; x_wconf 88' lang='lat' dir='ltr'><strong>et</strong></span> <span class='ocrx_word' id='word_1_202' title='bbox 959 3456 1024 3501; x_wconf 91' lang='lat' dir='ltr'><strong>sua</strong></span> <span class='ocrx_word' id='word_1_203' title='bbox 1053 3438 1238 3503; x_wconf 86' lang='lat' dir='ltr'><strong>amitteret.</strong></span> <span class='ocrx_word' id='word_1_204' title='bbox 1275 3440 1366 3505; x_wconf 87' lang='lat' dir='ltr'><strong>Con-</strong></span> 
     </span>
    </p>

    <p class='ocr_par' dir='ltr' id='par_1_9' title="bbox 251 3536 1365 3721">
     <span class='ocr_line' id='line_1_31' title="bbox 418 3536 1365 3620; baseline 0.002 -17"><span class='ocrx_word' id='word_1_205' title='bbox 418 3536 548 3603; x_wconf 89' lang='lat' dir='ltr'><strong>sultum</strong></span> <span class='ocrx_word' id='word_1_206' title='bbox 574 3544 628 3603; x_wconf 91' lang='lat' dir='ltr'><strong>est</strong></span> <span class='ocrx_word' id='word_1_207' title='bbox 651 3544 767 3603; x_wconf 88' lang='lat' dir='ltr'><strong>autem</strong></span> <span class='ocrx_word' id='word_1_208' title='bbox 790 3538 877 3617; x_wconf 75' lang='lat' dir='ltr'><strong>regi,</strong></span> <span class='ocrx_word' id='word_1_209' title='bbox 901 3537 985 3620; x_wconf 89' lang='lat' dir='ltr'><strong>quia</strong></span> <span class='ocrx_word' id='word_1_210' title='bbox 1010 3538 1200 3604; x_wconf 83' lang='lat' dir='ltr'><strong>necessitas</strong></span> <span class='ocrx_word' id='word_1_211' title='bbox 1222 3539 1267 3603; x_wconf 88' lang='lat' dir='ltr'><strong>ad</strong></span> <span class='ocrx_word' id='word_1_212' title='bbox 1299 3540 1365 3605; x_wconf 92' lang='lat' dir='ltr'><strong>boc</strong></span> 
     </span>
     <span class='ocr_line' id='line_1_32' title="bbox 251 3635 1362 3721; baseline 0.012 -31"><span class='ocrx_word' id='word_1_213' title='bbox 251 3652 400 3695; x_wconf 67' lang='lat' dir='ltr'><strong>salamani</strong></span> <span class='ocrx_word' id='word_1_214' title='bbox 417 3637 575 3716; x_wconf 83' lang='lat' dir='ltr'><strong>urgebat,</strong></span> <span class='ocrx_word' id='word_1_215' title='bbox 592 3635 739 3701; x_wconf 91' lang='lat' dir='ltr'><strong>militum</strong></span> <span class='ocrx_word' id='word_1_216' title='bbox 757 3636 933 3701; x_wconf 90' lang='lat' dir='ltr'><strong>cohortem</strong></span> <span class='ocrx_word' id='word_1_217' title='bbox 947 3637 991 3701; x_wconf 90' lang='lat' dir='ltr'><strong>ad</strong></span> <span class='ocrx_word' id='word_1_218' title='bbox 1009 3636 1086 3720; x_wconf 89' lang='lat' dir='ltr'><strong>ejus</strong></span> <span class='ocrx_word' id='word_1_219' title='bbox 1107 3639 1362 3721; x_wconf 88' lang='lat' dir='ltr'><strong>suscipiendum</strong></span> 
     </span>
    </p>
   </div>
   <div class='ocr_carea' id='block_1_5' title="bbox 249 3703 1366 3818">
    <p class='ocr_par' dir='ltr' id='par_1_10' title="bbox 249 3703 1366 3818">
     <span class='ocr_line' id='line_1_33' title="bbox 249 3703 1366 3818; baseline 0.011 -29"><span class='ocrx_word' id='word_1_220' title='bbox 249 3703 376 3794; x_wconf 63' lang='lat' dir='ltr'><strong>{tl}⁰²¹¹⁰</strong></span> <span class='ocrx_word' id='word_1_221' title='bbox 416 3736 610 3813; x_wconf 84' lang='lat' dir='ltr'><strong>castellum,</strong></span> <span class='ocrx_word' id='word_1_222' title='bbox 636 3736 825 3801; x_wconf 85' lang='lat' dir='ltr'><strong>comitante</strong></span> <span class='ocrx_word' id='word_1_223' title='bbox 855 3736 933 3818; x_wconf 89' lang='lat' dir='ltr'><strong>ipso</strong></span> <span class='ocrx_word' id='word_1_224' title='bbox 965 3735 1131 3814; x_wconf 91' lang='lat' dir='ltr'><strong>Roberto,</strong></span> <span class='ocrx_word' id='word_1_225' title='bbox 1166 3737 1366 3803; x_wconf 63' lang='lat' dir='ltr'><strong>destinaret,</strong></span> 
     </span>
    </p>
   </div>
   <div class='ocr_carea' id='block_1_6' title="bbox 408 3910 1365 4312">
    <p class='ocr_par' dir='ltr' id='par_1_11' title="bbox 408 3910 1365 4312">
     <span class='ocr_line' id='line_1_34' title="bbox 449 3910 1364 3981; baseline 0.007 -21"><span class='ocrx_word' id='word_1_226' title='bbox 449 3910 456 3940; x_wconf 94' lang='lat'><strong>¹</strong></span> <span class='ocrx_word' id='word_1_227' title='bbox 473 3913 585 3961; x_wconf 86' lang='lat' dir='ltr'><strong>William</strong></span> <span class='ocrx_word' id='word_1_228' title='bbox 596 3914 625 3962; x_wconf 84' lang='lat' dir='ltr'><strong>of</strong></span> <span class='ocrx_word' id='word_1_229' title='bbox 635 3913 795 3975; x_wconf 84' lang='lat' dir='ltr'><strong>Malmsbury</strong></span> <span class='ocrx_word' id='word_1_230' title='bbox 806 3915 877 3976; x_wconf 82' lang='lat' dir='ltr'><strong>gives</strong></span> <span class='ocrx_word' id='word_1_231' title='bbox 901 3930 947 3978; x_wconf 75' lang='lat' dir='ltr'><strong>ger</strong></span> <span class='ocrx_word' id='word_1_232' title='bbox 963 3915 996 3964; x_wconf 90' lang='lat' dir='ltr'><strong>de</strong></span> <span class='ocrx_word' id='word_1_233' title='bbox 1007 3916 1158 3979; x_wconf 83' lang='lat' dir='ltr'><strong>wendover,</strong></span> <span class='ocrx_word' id='word_1_234' title='bbox 1175 3921 1235 3966; x_wconf 87' lang='lat' dir='ltr'><strong>tom.</strong></span> <span class='ocrx_word' id='word_1_235' title='bbox 1254 3918 1282 3969; x_wconf 89' lang='lat' dir='ltr'><strong>ii.</strong></span> <span class='ocrx_word' id='word_1_236' title='bbox 1300 3922 1364 3981; x_wconf 76' lang='lat'><strong>21⁷3</strong></span> 
     </span>
     <span class='ocr_line' id='line_1_35' title="bbox 412 3980 1365 4047; baseline 0.007 -18"><span class='ocrx_word' id='word_1_237' title='bbox 412 3980 545 4042; x_wconf 86' lang='lat' dir='ltr'><strong>Stephen&#39;s</strong></span> <span class='ocrx_word' id='word_1_238' title='bbox 563 3982 661 4031; x_wconf 87' lang='lat' dir='ltr'><strong>charter</strong></span> <span class='ocrx_word' id='word_1_239' title='bbox 679 3986 705 4031; x_wconf 84' lang='lat' dir='ltr'><strong>at</strong></span> <span class='ocrx_word' id='word_1_240' title='bbox 718 3983 766 4032; x_wconf 84' lang='lat' dir='ltr'><strong>full</strong></span> <span class='ocrx_word' id='word_1_241' title='bbox 780 3983 876 4046; x_wconf 80' lang='lat' dir='ltr'><strong>length,</strong></span> <span class='ocrx_word' id='word_1_242' title='bbox 900 3985 959 4033; x_wconf 91' lang='lat' dir='ltr'><strong>vvbo</strong></span> <span class='ocrx_word' id='word_1_243' title='bbox 975 3988 1053 4034; x_wconf 80' lang='lat' dir='ltr'><strong>states</strong></span> <span class='ocrx_word' id='word_1_244' title='bbox 1069 3985 1124 4034; x_wconf 87' lang='lat' dir='ltr'><strong>that</strong></span> <span class='ocrx_word' id='word_1_245' title='bbox 1138 3986 1248 4047; x_wconf 89' lang='lat' dir='ltr'><strong>Stephen</strong></span> <span class='ocrx_word' id='word_1_246' title='bbox 1260 3993 1328 4037; x_wconf 86' lang='lat' dir='ltr'><strong>went</strong></span> <span class='ocrx_word' id='word_1_247' title='bbox 1339 3992 1365 4036; x_wconf 91' lang='lat' dir='ltr'><strong>to</strong></span> 
     </span>
     <span class='ocr_line' id='line_1_36' title="bbox 411 4050 1364 4113; baseline 0.008 -15"><span class='ocrx_word' id='word_1_248' title='bbox 411 4054 476 4111; x_wconf 72' lang='lat'><strong>70⁷3</strong></span> <span class='ocrx_word' id='word_1_249' title='bbox 493 4050 539 4099; x_wconf 91' lang='lat' dir='ltr'><strong>but</strong></span> <span class='ocrx_word' id='word_1_250' title='bbox 562 4050 594 4100; x_wconf 89' lang='lat' dir='ltr'><strong>be</strong></span> <span class='ocrx_word' id='word_1_251' title='bbox 613 4052 685 4101; x_wconf 86' lang='lat' dir='ltr'><strong>dates</strong></span> <span class='ocrx_word' id='word_1_252' title='bbox 705 4054 726 4101; x_wconf 92' lang='lat' dir='ltr'><strong>it</strong></span> <span class='ocrx_word' id='word_1_253' title='bbox 741 4053 805 4101; x_wconf 82' lang='lat' dir='ltr'><strong>from</strong></span> <span class='ocrx_word' id='word_1_254' title='bbox 822 4055 876 4102; x_wconf 80' lang='lat'><strong>01-</strong></span> <span class='ocrx_word' id='word_1_255' title='bbox 900 4054 998 4103; x_wconf 82' lang='lat' dir='ltr'><strong>Oxford</strong></span> <span class='ocrx_word' id='word_1_256' title='bbox 1014 4056 1080 4105; x_wconf 80' lang='lat' dir='ltr'><strong>atter</strong></span> <span class='ocrx_word' id='word_1_257' title='bbox 1090 4056 1132 4111; x_wconf 83' lang='lat' dir='ltr'><strong>bis</strong></span> <span class='ocrx_word' id='word_1_258' title='bbox 1149 4056 1364 4113; x_wconf 59' lang='lat' dir='ltr'><strong>coronationem</strong></span> 
     </span>
     <span class='ocr_line' id='line_1_37' title="bbox 410 4120 1365 4188; baseline 0.008 -21"><span class='ocrx_word' id='word_1_259' title='bbox 410 4120 475 4183; x_wconf 80' lang='lat' dir='ltr'><strong>ford,</strong></span> <span class='ocrx_word' id='word_1_260' title='bbox 499 4124 571 4170; x_wconf 75' lang='grc'><strong>1136.</strong></span> <span class='ocrx_word' id='word_1_261' title='bbox 619 4121 671 4169; x_wconf 83' lang='lat' dir='ltr'><strong>His</strong></span> <span class='ocrx_word' id='word_1_262' title='bbox 691 4122 744 4171; x_wconf 78' lang='lat' dir='ltr'><strong>first</strong></span> <span class='ocrx_word' id='word_1_263' title='bbox 766 4124 875 4188; x_wconf 88' lang='lat' dir='ltr'><strong>promise</strong></span> <span class='ocrx_word' id='word_1_264' title='bbox 900 4124 969 4173; x_wconf 89' lang='lat' dir='ltr'><strong>tbere</strong></span> <span class='ocrx_word' id='word_1_265' title='bbox 1003 4126 1139 4174; x_wconf 86' lang='lat' dir='ltr'><strong>confirmed</strong></span> <span class='ocrx_word' id='word_1_266' title='bbox 1169 4126 1211 4174; x_wconf 88' lang='lat' dir='ltr'><strong>tbe</strong></span> <span class='ocrx_word' id='word_1_267' title='bbox 1242 4128 1365 4188; x_wconf 81' lang='lat' dir='ltr'><strong>promises</strong></span> 
     </span>
     <span class='ocr_line' id='line_1_38' title="bbox 409 4188 1365 4252; baseline 0.01 -16"><span class='ocrx_word' id='word_1_268' title='bbox 409 4204 464 4239; x_wconf 86' lang='lat' dir='ltr'><strong>was</strong></span> <span class='ocrx_word' id='word_1_269' title='bbox 482 4190 605 4251; x_wconf 84' lang='lat' dir='ltr'><strong>pmbably</strong></span> <span class='ocrx_word' id='word_1_270' title='bbox 617 4191 691 4252; x_wconf 79' lang='lat' dir='ltr'><strong>giren</strong></span> <span class='ocrx_word' id='word_1_271' title='bbox 708 4196 736 4240; x_wconf 88' lang='lat' dir='ltr'><strong>at</strong></span> <span class='ocrx_word' id='word_1_272' title='bbox 751 4192 791 4242; x_wconf 88' lang='lat' dir='ltr'><strong>bis</strong></span> <span class='ocrx_word' id='word_1_273' title='bbox 805 4208 875 4241; x_wconf 91' lang='lat' dir='ltr'><strong>coro·</strong></span> <span class='ocrx_word' id='word_1_274' title='bbox 899 4188 982 4242; x_wconf 87' lang='lat' dir='ltr'><strong>vvbiob</strong></span> <span class='ocrx_word' id='word_1_275' title='bbox 1001 4195 1034 4243; x_wconf 87' lang='lat' dir='ltr'><strong>he</strong></span> <span class='ocrx_word' id='word_1_276' title='bbox 1051 4196 1101 4245; x_wconf 86' lang='lat' dir='ltr'><strong>hod</strong></span> <span class='ocrx_word' id='word_1_277' title='bbox 1120 4189 1193 4244; x_wconf 86' lang='lat' dir='ltr'><strong>made</strong></span> <span class='ocrx_word' id='word_1_278' title='bbox 1210 4211 1242 4243; x_wconf 92' lang='lat' dir='ltr'><strong>on</strong></span> <span class='ocrx_word' id='word_1_279' title='bbox 1259 4198 1314 4245; x_wconf 85' lang='lat' dir='ltr'><strong>that</strong></span> <span class='ocrx_word' id='word_1_280' title='bbox 1324 4212 1365 4245; x_wconf 92' lang='lat' dir='ltr'><strong>oc·</strong></span> 
     </span>
     <span class='ocr_line' id='line_1_39' title="bbox 408 4260 1358 4312; baseline 0.007 -6"><span class='ocrx_word' id='word_1_281' title='bbox 408 4260 493 4307; x_wconf 88' lang='lat' dir='ltr'><strong>nation</strong></span> <span class='ocrx_word' id='word_1_282' title='bbox 511 4264 538 4307; x_wconf 85' lang='lat' dir='ltr'><strong>at</strong></span> <span class='ocrx_word' id='word_1_283' title='bbox 548 4260 732 4311; x_wconf 77' lang='lat' dir='ltr'><strong>westminster.</strong></span> <span class='ocrx_word' id='word_1_284' title='bbox 768 4262 817 4311; x_wconf 89' lang='lat' dir='ltr'><strong>See</strong></span> <span class='ocrx_word' id='word_1_285' title='bbox 825 4262 875 4311; x_wconf 87' lang='lat' dir='ltr'><strong>Ro·</strong></span> <span class='ocrx_word' id='word_1_286' title='bbox 899 4264 993 4312; x_wconf 83' lang='lat' dir='ltr'><strong>cesion.</strong></span> <span class='ocrx_word' id='word_1_287' title='bbox 1353 4285 1358 4291; x_wconf 88' lang='lat'><em>·</em></span> 
     </span>
    </p>
   </div>
   <div class='ocr_carea' id='block_1_7' title="bbox 0 0 1588 5000">
    <p class='ocr_par' dir='ltr' id='par_1_12' title="bbox 0 0 1588 5000">
     <span class='ocr_line' id='line_1_40' title="bbox 0 0 1588 5000; baseline 0 1"><span class='ocrx_word' id='word_1_288' title='bbox 0 0 1588 5000; x_wconf 95' lang='lat' dir='ltr'><strong> </strong></span> 
     </span>
    </p>
   </div>
  </div>
 </body>
</html>
