3167 5000
432 473 454 536 2
745 485 859 533 cnsrn
883 485 1076 546 srnrrraur,

434 641 602 725 quidquid
627 641 751 722 flagitii
772 641 877 704 menti
899 642 1114 717 occurrebat,
1128 637 1384 722 promptissime

434 743 659 824 peragebant.
716 740 767 804 Ut
796 741 884 804 enim
914 741 1027 804 verbis
1053 739 1263 822 propheticis
1292 747 1384 814 utar,

434 860 455 903 a
471 839 592 922 planta
613 840 711 923 pedis
732 859 842 921 nsque
862 839 904 903 ad
924 840 1084 902 verticem
1104 859 1174 902 non
1189 839 1316 902 eratin
1334 839 1384 900 eis

434 941 586 1004 sanitas:
611 941 693 1021 quia
711 959 732 1002 a
754 939 903 1001 minimis
920 958 1030 1019 usque
1053 939 1097 1001 ad
1120 957 1284 1014 summos,
1308 936 1383 1001 ani-

434 1059 500 1102 mae
527 1040 648 1102 morbo
677 1044 917 1118 aegrescentes,
940 1037 997 1101 vel
1023 1045 1160 1118 raptum
1190 1037 1382 1101 committe-

433 1138 531 1213 bant,
571 1137 625 1201 vel
666 1137 782 1219 raptui
826 1137 904 1199 aliis
947 1137 1165 1200 assentiendo
1203 1136 1383 1218 parebant.

437 1237 535 1300 Ferae
561 1255 711 1319 quoque,
734 1255 812 1318 quae
838 1235 874 1297 in
901 1233 977 1298 tota
1006 1234 1104 1318 priris
1129 1236 1281 1316 regione,
1308 1223 1383 1298 tan-

435 1355 538 1416 quam
570 1337 605 1399 in
634 1334 797 1414 indagine
832 1334 987 1411 reclusae,
1011 1354 1088 1398 cnm
1124 1332 1259 1398 summa
1297 1353 1382 1414 pace

434 1436 710 1510 reservabantur,
744 1453 836 1497 nunc
870 1431 1147 1516 quaquaversum
1184 1434 1328 1508 turbari,
1361 1452 1382 1496 a

433 1534 587 1615 quolibet
618 1534 746 1615 passim
777 1532 942 1616 dispergi,
972 1535 1016 1596 ab
1046 1533 1215 1610 omnibuS,
1247 1533 1382 1616 abjecto

434 1641 540 1708 metu,
571 1632 755 1714 prosterni.
807 1631 855 1694 Et
888 1632 962 1695 haec
994 1633 1132 1715 quidem
1167 1633 1289 1706 minor,
1320 1651 1383 1696 nec

434 1732 581 1794 multum
605 1732 847 1812 conquerenda
866 1731 1018 1813 jactura,
1043 1730 1103 1795 sed
1128 1731 1311 1794 admodum
1328 1739 1382 1794 ta-

434 1850 512 1893 men
539 1830 722 1911 stupenda‚
747 1831 920 1911 quomodo
951 1838 1050 1893 tanta
1079 1831 1227 1893 ferarum
1262 1829 1381 1907 millia,

433 1948 511 2010 quae
530 1938 633 1993 antea
650 1930 789 2011 copioso
807 1949 913 2010 grege
930 1930 1126 1993 universam
1143 1937 1269 1992 terram
1284 1927 1381 1992 afflu-

433 2027 768 2105 enterinunddrant,
784 2036 854 2091 tam
882 2029 1025 2110 repente
1046 2028 1174 2092 fuerint
1193 2028 1382 2106 adnullata,

432 2135 472 2190 ut
503 2126 545 2190 de
580 2136 651 2191 tam
682 2128 863 2190 innumero
894 2129 1053 2191 examine
1084 2128 1143 2190 vix
1173 2128 1259 2191 duas
1286 2134 1382 2209 post·

432 2227 570 2290 modum
607 2227 709 2289 simul
742 2227 920 2309 reperires
990 2227 1061 2290 Ubi
1098 2227 1236 2291 tandem
1275 2227 1383 2308 coepit

431 2327 573 2406 grandis
593 2324 680 2402 haec,
696 2332 730 2390 et
750 2326 935 2389 indicibilis
952 2327 1054 2408 copia
1076 2325 1162 2389 adeo
1185 2328 1381 2404 extenuari,

337 2481 344 2486 .
431 2432 471 2489 ut
488 2425 675 2502 rarissima,
692 2431 731 2489 ut
756 2426 865 2502 aiunt,
883 2426 959 2488 avis
976 2431 1080 2501 esset,
1096 2425 1152 2488 vel
1177 2445 1281 2488 unam
1307 2427 1381 2490 ubi·

265 3638 365 3687 stephan,

265 3688 333 3727 count
344 3688 368 3728 ot

264 3738 380 3787 Bonlogne,

263 3788 324 3827 laude
341 3789 363 3827 in

263 3836 369 3887 England.

431 2526 484 2589 vis
507 2525 660 2590 locorum
681 2525 788 2588 feram
817 2525 1023 2606 conspicari,
1046 2526 1082 2587 in
1109 2526 1241 2607 seipsos
1268 2533 1381 2589 trucu-

429 2624 540 2689 lenter
554 2624 711 2688 conversi
729 2623 788 2687 alii
808 2623 917 2688 alios1
935 2624 1106 2706 spoliare;
1130 2644 1185 2688 res
1202 2645 1380 2707 possessas

429 2724 496 2787 sibi
518 2725 669 2788 vicissim
692 2723 861 2806 diripere;
890 2724 1032 2786 insidias
1055 2732 1090 2787 et
1111 2744 1229 2787 necem
1253 2725 1381 2788 alteru-

429 2823 510 2885 trim
525 2824 638 2886 moliri
651 2843 660 2900 ς
684 2829 790 2904 utque
806 2843 868 2906 per
882 2824 1086 2905 prophetam
1099 2823 1236 2901 dicitur,
1251 2824 1305 2887 vir
1318 2826 1382 2887 im·
1437 2814 1440 2817 ⁴

430 2920 694 2984 misericorditer
715 2922 751 2983 in
778 2923 902 2998 virum,
928 2924 1165 3005 unusquisque
1189 2923 1320 2987 irruere
1344 2924 1381 2986 in

429 3020 626 3100 proximum
655 3039 767 3083 suum.
833 3018 1008 3102 Quicquid
1039 3022 1129 3085 enim
1159 3022 1298 3085 sceleris
1328 3021 1381 3085 ird

429 3126 575 3199 urgente
598 3119 662 3181 sub
686 3138 772 3200 pace
790 3119 998 3197 dictabatur,
1018 3139 1122 3198 nuno,
1139 3121 1302 3186 vindictae
1327 3142 1383 3184 ar-

429 3225 528 3299 repto
557 3225 722 3301 tempore,
739 3218 782 3282 ad
815 3218 972 3282 effectum
1001 3218 1104 3301 quam
1135 3221 1293 3284 celeriter
1320 3223 1379 3284 de·

429 3316 641 3384 ducebatur:
680 3318 762 3400 quia
794 3319 915 3382 odiosa
945 3319 1102 3383 simultas
1136 3338 1213 3382 sese
1226 3397 1228 3402 ,
1242 3320 1380 3402 publice

429 3424 588 3497 retegens
621 3416 784 3498 quicquid
816 3418 951 3481 occulte
986 3437 1103 3482 secum
1137 3418 1312 3499 pallidrat,
1343 3420 1379 3482 in

428 3514 539 3578 lucem
556 3535 646 3578 nunc
662 3515 840 3596 proferens
857 3516 976 3597 aperte
993 3516 1202 3581 declarabat.

479 3613 620 3678 Interea
638 3615 717 3677 dum
736 3633 774 3677 se
790 3612 985 3695 Anglenses
1009 3617 1061 3679 ita
1083 3617 1311 3691 turbulenter,
1329 3616 1381 3682 ita

427 3720 463 3778 et
496 3712 697 3779 calamitose
736 3714 964 3791 continerent,
998 3715 1197 3797 laxatisque
1231 3716 1379 3799 justitiae

426 3813 543 3878 sraenis
567 3814 611 3877 ad
635 3833 735 3877 omne
758 3812 856 3877 nefas
881 3813 988 3878 libere
1010 3824 1284 3897 prorumperent,
1302 3816 1380 3879 Ste-

426 3912 562 3993 phanus
578 3913 819 3977 Bulouicensis
838 3912 974 3991 Comes,
989 3915 1043 3978 vir
1062 3913 1231 3996 praeclarb
1254 3914 1379 3979 nobili·

426 4018 521 4074 tatus
550 4008 724 4094 prosapia,
745 4009 910 4091 Angliam
939 4033 1016 4076 cum
1046 4014 1167 4095 paucis
1197 4014 1377 4097 applicuit.

754 4233 761 4262 ¹
780 4236 788 4263 ‘
800 4236 886 4298 alius,’
898 4237 1044 4288 Duehesne.
