3167 5000
432 482 476 547 98
743 496 857 544 cusrn
880 496 1073 556 srnrunur,

434 651 603 728 clanculb',
611 651 665 715 vel
677 652 810 735 aperte,
818 652 920 716 rebus
931 650 1187 732 depraedatione
1197 647 1385 727 distractis,

436 753 578 828 nudare,
600 751 679 815 illas
704 752 740 817 in
768 751 900 835 proprii
917 752 1009 835 juris
1040 749 1229 819 dominium
1243 750 1385 817 ,invere-

339 880 342 885 ·
437 852 549 919 eunde
577 852 740 933 redigere.
808 851 847 916 Si
873 850 952 933 quis
973 859 1091 917 antem
1112 850 1167 919 vel
1189 849 1386 917 reverendae

437 969 595 1035 personae
628 951 830 1027 monachus,
860 951 916 1018 rel
937 952 1135 1017 *nominatae
1167 950 1385 1018 auctoritatis

438 1052 595 1127 clericus,
612 1070 676 1133 pro
692 1050 792 1117 illata
813 1052 916 1115 rebus
938 1050 1181 1119 ecclesiasticis
1202 1049 1385 1117 exactione

439 1158 690 1235 conquesturus
712 1150 904 1227 accederet,
925 1150 1103 1234 injuriosis
1125 1149 1283 1231 protinus
1304 1167 1385 1215 cou-

440 1250 591 1315 tumeliis
609 1248 710 1326 affici,
727 1249 830 1315 minis
852 1250 889 1316 iu
909 1250 1033 1318 faciem
1050 1249 1276 1331 ,impudenter
1296 1267 1386 1331 prae·

440 1351 546 1414 textis
577 1350 804 1415 irreverenter
826 1349 1022 1425 absterreri,
1046 1348 1141 1431 saepe
1169 1347 1303 1413 itineris
1333 1348 1388 1415 sui

440 1449 665 1513 comministri
676 1450 887 1530 *gravissimo
900 1450 1054 1525 verbere,
1063 1448 1140 1529 ipso
1155 1448 1387 1530 conspirante,

439 1550 579 1622 vexari;
605 1548 701 1631 saepe·
720 1549 820 1614 idem.
833 1548 920 1630 ipse,
939 1548 1184 1631 cujuscumque
1206 1547 1387 1628 dignitatis

439 1654 544 1725 esset,
573 1648 628 1713 rel
656 1648 787 1715 ordinis
810 1648 943 1729 spoliis,
966 1666 1045 1729 quac
1066 1666 1182 1712 secum
1205 1647 1387 1724 detulerat,

376 1818 379 1824 ,
440 1748 692 1829 incompassivb
716 1747 917 1823 subtractis,
946 1756 1009 1815 ant
1037 1747 1205 1815 inhonore
1235 1747 1386 1826 nudatis,

442 1868 461 1911 e
483 1866 547 1912 suo
564 1854 747 1930 prospectu
771 1847 903 1929 repelli,
920 1853 983 1914 aut
1004 1844 1222 1917 atrocissime
1236 1848 1388 1911 verberis

441 1947 644 2020 contusione
661 1946 872 2030 defatigatus
887 1947 1046 2028 relinqui.
1092 1946 1138 2014 Et
1157 1946 1232 2015 baec
1248 1948 1386 2029 quidem

441 2047 646 2129 lacrymosae
666 2047 814 2113 miseris
831 2047 949 2123 iacies
966 2046 1022 2111 bic
1044 2054 1240 2128 questuosa
1257 2053 1388 2128 tragoe-

442 2146 509 2210 diae
526 2145 823 2212 inhonestissimos
839 2148 973 2222 modus,
988 2147 1078 2212 sicut
1094 2146 1222 2229 ubique
1239 2166 1300 2229 per
1316 2144 1389 2211 An.
1414 2146 1418 2150 ’

444 2246 548 2326 gliam
577 2246 713 2329 publice
743 2230 1036 2324 committebatur,
1059 2246 1110 2312 ita
1134 2255 1170 2313 et
1192 2246 1236 2311 ad
1258 2246 1389 2328 episco-

444 2366 566 2427 porum
576 2392 578 2399 .
589 2364 689 2411 aures
705 2346 834 2427 ubique
849 2344 1077 2412 deferebatur.
1114 2345 1182 2414 Sed
1199 2346 1250 2412 illi
1264 2347 1388 2413 timore

443 2445 609 2511 vilissime
625 2446 839 2530 depressi,ut
853 2446 985 2514 arundo
995 2452 1100 2514 rento
1115 2446 1260 2528 agitata,
1270 2446 1388 2514 infles*

445 2547 619 2624 rebantur,
639 2547 875 2628 habentesque
907 2546 961 2613 sal
985 2545 1206 2624 infatuatum,
1229 2567 1299 2611 non
1332 2567 1390 2612 as-

444 2647 635 2711 cendebant
655 2667 700 2712 ex
718 2645 875 2722 adverso,
894 2665 958 2710 nec
972 2664 1018 2711 ‚se
1042 2665 1177 2714 murum
1201 2665 1264 2728 pro
1287 2647 1390 2712 domo

445 2745 557 2810 Israel
591 2747 825 2830 opponebant.
886 2746 1060 2811 Deberent
1093 2764 1243 2828 namque
1273 2746 1391 2828 gladio

443 2846 540 2910 verbi
560 2847 637 2923 Dei,
654 2847 715 2928 qui
737 2845 883 2912 devorat
899 2846 1389 2929 carncsoarualitersapien·

445 2946 536 3008 tibus
553 2963 754 3025 occurrere;
773 2945 922 3028 filiisque
941 2945 1065 3024 Belial,
1083 2945 1144 3028 qui
1160 2947 1261 3014 rebus
1279 2949 1389 3014 eccle-

443 3045 594 3109 siasticis
644 3045 816 3111 violenter
862 3045 1120 3122 incumbebant,
1170 3047 1391 3130 tunicamque

444 3144 585 3210 Domini
616 3144 850 3230 particulatim
888 3145 957 3211 sibi
994 3145 1206 3226 diripientes,
1238 3148 1388 3216 laceram

444 3245 572 3327 ubique
594 3245 761 3322 locorum,
778 3251 815 3310 et
828 3243 1010 3312 discissam
1024 3245 1247 3328 reliquerant,
1264 3246 1388 3313 Hiere.

445 3345 523 3408 miae
546 3345 682 3422 faeiem,
699 3351 960 3428 cornutamque
982 3344 1114 3428 Moyse·
1134 3345 1280 3413 frontem
1307 3349 1390 3413 viri

442 3444 522 3508 liter
549 3445 695 3508 offerre..
738 3444 823 3508 Ided
852 3464 1003 3526 namque
1029 3445 1100 3528 ipsi¹
1126 3462 1188 3526 per
1213 3447 1391 3513 columnas

444 3561 522 3623 qum
538 3542 675 3608 domum
685 3543 754 3606 Dei
767 3550 977 3619 sustentant,
988 3562 1051 3624 per
1061 3544 1251 3624 leunculos,
1267 3547 1327 3629 qni
1339 3549 1390 3613 la-

443 3643 542 3704 brum
556 3641 641 3705 illud
663 3640 858 3708 Salomonis
873 3648 1093 3723 supportant,
1110 3661 1172 3724 per
1193 3644 1295 3733 bases
1312 3667 1391 3730 quae

443 3760 595 3806 mensam
618 3741 864 3824 propositionis
895 3747 1107 3819 sustentant,
1129 3744 1389 3826 exprimentum

444 3842 607 3924 quatinus
628 3841 822 3917 ecelesiam,
839 3860 916 3924 qnae
938 3840 1020 3907 rere
1042 3850 1107 3918 est,
1125 3849 1161 3908 et
1180 3843 1306 3913 dicitur
1327 3847 1390 3913 do·

444 3941 616 4018 musDei,
635 3948 765 4023 quaest
785 3961 847 4024 per
861 3941 995 4028 labrum
1015 3941 1229 4024 designatur,
1244 3947 1327 4028 quia
1342 3949 1391 4013 ibi

444 4049 664 4122 peccatorum
692 4041 811 4106 sordes
833 4042 951 4107 multis
971 4042 1294 4122 modisdiluuutnr,
1312 4067 1391 4130 quse

443 4139 664 4205 nibilominus
682 4161 745 4223 per
768 4161 924 4208 mensam
941 4141 1126 4224 figuratur,
1142 4144 1231 4225 quia
1242 4145 1290 4212 ibi
1307 4148 1391 4213 vitae

442 4245 583 4304 aeternae
608 4240 755 4306 fercula*
769 4249 1023 4324 proponuntur,
1050 4262 1123 4309 non
1145 4242 1258 4323 solum
1283 4249 1390 4316 susti·
