3167 5000
426 461 470 528 20
730 479 843 527 unsri
865 477 1060 538 snnrnnm,

380 703 382 708 ,
426 635 470 699 de
500 635 642 700 castello
673 636 844 701 reddendo
873 638 910 702 in
936 655 1116 702 commune
1142 635 1374 700 consulerent.

429 735 487 798 llli
509 737 629 801 statim
660 743 830 814 verentes,
856 735 958 803 minis
985 737 1053 800 sibi
1074 755 1096 800 a
1117 755 1199 816 rege
1219 735 1375 811 intentis,

428 835 510 898 vitae
520 854 592 900 suae
603 836 783 918 providere
796 836 956 901 consultu
965 835 1108 917 dignum
1116 835 1374 919 judicaverunt,

429 933 510 996 dum
523 942 672 1012 constet,
682 943 717 999 et
729 955 845 999 verum
862 937 920 1012 sit,
931 935 1062 999 nullam
1075 954 1138 1018 pro
1153 931 1270 999 anima
1280 954 1374 997 com-

263 1047 403 1088 muman.
429 1034 655 1098 mutationem
687 1035 927 1109 tribuendam
972 1034 1175 1117 redditoque
1191 1034 1228 1097 in
1252 1053 1375 1098 manus

260 1098 305 1138 ‘¹⁶¹'
429 1133 521 1214 regis
538 1134 691 1209 castello,
710 1132 798 1198 aare
814 1134 880 1198 sni
898 1134 1037 1211 veneni,
1053 1134 1193 1210 nollent,
1211 1132 1374 1216 imposita

426 1232 633 1310 conditione,
654 1239 695 1298 ut
715 1236 760 1297 ab
777 1234 868 1297 omni
885 1254 992 1315 regno
1018 1233 1140 1297 exules
1165 1235 1376 1310 aberrarent,

425 1331 536 1396 donec
568 1352 627 1396 eos
654 1333 837 1397 clementia
863 1334 956 1414 regis
976 1339 1168 1410 revocaret,
1191 1352 1269 1396 cum
1292 1352 1375 1413 rege

426 1430 543 1496 Scotio
578 1432 700 1510 multo,
738 1441 778 1496 ut
811 1432 1020 1511 audivimus,
1051 1440 1205 1516 tempore
1238 1430 1373 1498 habita-

426 1539 518 1596 runt.
660 1538 663 1545 '

261 1642 392 1684 winde
479 1631 636 1695 Necdum
652 1632 721 1696 ista
736 1652 798 1696 rex
810 1631 853 1697 ad
864 1632 1022 1697 effectum
1036 1631 1238 1709 deduxerat,
1247 1638 1283 1695 et
1295 1651 1374 1696 ecce

262 1695 358 1733 Redvers

262 1731 568 1813 maraon-quidam
607 1732 768 1795 maximas
806 1732 985 1797 discordiae
1007 1730 1122 1796 nuncii
1147 1751 1193 1795 ex
1226 1730 1375 1796 ¹Esonib

262 1794 379 1834 surreetlon

261 1844 392 1936 fflnss‘m
429 1830 582 1909 civitate,
606 1831 789 1895 reserentes
812 1832 1021 1896 Baldvinum
1038 1832 1081 1895 de
1102 1831 1249 1907 Revers,
1264 1832 1373 1895 virum

263 1904 349 1982 Exeier·
429 1937 464 1994 et
484 1929 654 2011 dignitate
675 1937 712 1996 et
729 1950 853 2012 genere
876 1931 1106 2013 magnificum,
1120 1932 1263 1995 insolita
1279 1951 1374 2013 qnae·

427 2028 519 2105 dam,
533 2038 567 2094 et
581 2038 621 2095 ut
635 2051 690 2094 res
701 2050 739 2094 se
753 2031 915 2107 habebat,
928 2031 1094 2096 adversus
1105 2031 1235 2112 regiam
1251 2050 1371 2114 pacem

426 2148 552 2210 agere:
596 2131 679 2212 quia
708 2132 827 2193 urbem
860 2131 951 2194 inter
980 2137 1120 2213 togatos
1151 2131 1245 2195 cives
1270 2130 1373 2195 solito

426 2228 646 2310 arrogantius
657 2235 734 2294 'cum
747 2238 880 2294 armato
897 2229 1005 2294 milite
1017 2230 1167 2311 ingredi;
1187 2249 1249 2294 nec
1260 2231 1372 2295 solum

423 2328 458 2391 in
509 2329 593 2393 urbe
639 2337 907 2408 commanentes,
954 2330 1013 2394 sed
1060 2338 1096 2394 et
1144 2331 1372 2396 convicaneos

425 2447 554 2507 omnes,
577 2435 616 2492 ut
643 2429 688 2492 ad
712 2430 769 2494 sui
790 2430 897 2494 solius
914 2429 1100 2493 dominium
1117 2428 1374 2495 inflecterentur

425 2547 569 2609 rogare3
601 2548 702 2593 omne
733 2530 840 2594 etiam
872 2549 981 2611 genus
1013 2529 1118 2595 edulii
1150 2530 1186 2593 in
1215 2532 1373 2611 castello,

426 2628 519 2710 quod
535 2648 579 2693 ex
596 2630 692 2711 regio
708 2630 776 2695 sibi
791 2627 975 2713 usurparat
995 2627 1154 2708 ²honore,
1170 2628 1375 2696 festinanter

425 2728 598 2810 ingerere3
622 2730 791 2794 universis
807 2750 875 2794 non
894 2748 967 2794 suae
982 2749 1020 2793 se
1039 2731 1300 2813 praesumptioni
1319 2733 1374 2795 in·

428 2827 639 2893 elinantibus
666 2830 781 2911 ignem
807 2837 842 2894 et
863 2830 1015 2911 gladium
1031 2827 1113 2894 vivi
1129 2850 1215 2895 voce
1238 2832 1373 2897 minari.

259 2935 306 2975 The
314 2934 403 2975 citizens
430 2926 566 2991 Idcirco
597 2947 635 2991 se
675 2948 790 3010 regem
826 2927 1010 2995 summissi
1038 2948 1139 3013 prece
1180 2930 1376 3013 implorare,

260 2986 392 3085 'imin
429 3033 469 3091 ut
495 3027 628 3091 civibus
653 3028 726 3091 suis
741 3028 778 3093 in
800 3030 1033 3093 tribulationis
1055 3028 1217 3111 angustia
1240 3032 1374 3113 positis,

262 3086 385 3125 'mee'
428 3126 608 3210 solumque
623 3127 659 3191 in
671 3126 869 3193 defensione
880 3127 944 3192 sub
959 3129 1145 3192 remedium
1155 3134 1374 3212 sperantibus

425 3245 625 3293 succurrere
644 3234 853 3293 maturaret:
880 3228 949 3311 qud
971 3229 1208 3293 subventionis
1220 3249 1295 3295 suae
1309 3252 1374 3315 ope

425 3327 591 3404 roborati,
618 3335 654 3392 et
677 3327 840 3393 Baldvini
862 3329 1025 3410 potentiae
1048 3328 1185 3392 iacilibs
1207 3331 1321 3409 reniti,
1337 3342 1374 3396 et

424 3426 492 3489 sibi
513 3425 578 3489 soli
600 3427 755 3491 valerent
775 3426 930 3506 liberius,
954 3435 990 3492 et
1010 3428 1195 3511 specialius
1216 3431 1373 3515 obsequi.

424 3523 570 3588 Talibus
597 3544 661 3589 rex
684 3527 823 3604 auditis,
850 3528 1064 3592 temerariam
1100 3526 1260 3592 Baldvini
1289 3552 1374 3613 prae

423 3625 652 3707 sumptionem
679 3623 821 3706 indigne
851 3626 976 3704 serens,
1011 3634 1049 3692 et
1078 3626 1156 3691 ideo
1189 3630 1375 3713 praecipue,

424 3724 507 3805 quia
528 3724 605 3789 luce
627 3724 753 3789 clarius
780 3734 855 3789 erat
877 3726 1006 3809 injuste
1028 3746 1107 3789 eum
1129 3728 1313 3793 adversum
1335 3752 1374 3796 se

423 3822 666 3901 insurrexisse,
695 3826 777 3906 quia
806 3826 941 3890 castelli
961 3826 1171 3902 Esoniensis‚
1204 3830 1296 3911 quod
1321 3851 1374 3894 re-

424 3921 513 4002 galis
532 3940 667 4005 semper
696 3926 861 3989 extiterat
881 3925 984 4008 juris,
1011 3945 1073 3989 rex
1096 3926 1162 3991 sibi
1179 3930 1372 3993 custodium

458 4092 465 4123 ¹
483 4095 613 4157 ‘Esonia,'
625 4096 728 4148 Exstat.
911 4116 983 4150 sense
997 4103 1019 4151 is
1030 4102 1073 4151 the
1084 4102 1151 4151 head
1168 4104 1198 4153 ol
1209 4105 1307 4153 several
1322 4120 1376 4155 mu·

855 4223 857 4226 ,
911 4185 985 4232 nors3
1005 4166 1043 4233 as,
1056 4171 1115 4220 ‘the
1127 4172 1236 4222 Honour
1251 4175 1281 4224 oi
1288 4175 1374 4224 Arun-

456 4230 485 4261 Η
491 4234 612 4285 Honore!
636 4235 677 4283 An
688 4236 785 4286 honour
796 4240 823 4287 in
832 4239 884 4289 this
912 4241 973 4303 del,'
983 4241 1042 4290 ‘the
1052 4242 1159 4291 Honour
1170 4243 1199 4291 oi
1207 4244 1281 4306 Eye‚’
1290 4245 1340 4294 &a
