<?xml version="1.0" encoding="UTF-8"?>
<!DOCTYPE html PUBLIC "-//W3C//DTD XHTML 1.0 Transitional//EN"
    "http://www.w3.org/TR/xhtml1/DTD/xhtml1-transitional.dtd">
<html xmlns="http://www.w3.org/1999/xhtml" xml:lang="en" lang="en">
 <head>
  <title>
</title>
<meta http-equiv="Content-Type" content="text/html;charset=utf-8" />
  <meta name='ocr-system' content='tesseract 3.04.00' />
  <meta name='ocr-capabilities' content='ocr_page ocr_carea ocr_par ocr_line ocrx_word'/>
</head>
<body>
  <div class='ocr_page' id='page_1' title='image "./gestastephanire00sewegoog_0143.png"; bbox 0 0 3167 5000; ppageno 0'>
   <div class='ocr_carea' id='block_1_1' title="bbox 418 484 1068 561">
    <p class='ocr_par' dir='ltr' id='par_1_1' title="bbox 418 484 1068 561">
     <span class='ocr_line' id='line_1_1' title="bbox 418 484 1068 561; baseline 0.016 -13"><span class='ocrx_word' id='word_1_1' title='bbox 418 484 483 551; x_wconf 67' lang='lat'>122</span> <span class='ocrx_word' id='word_1_2' title='bbox 735 502 850 551; x_wconf 77' lang='lat' dir='ltr'>casm</span> <span class='ocrx_word' id='word_1_3' title='bbox 873 503 1068 561; x_wconf 75' lang='lat' dir='ltr'>ernanum</span> 
     </span>
    </p>
   </div>
   <div class='ocr_carea' id='block_1_2' title="bbox 255 659 1368 769">
    <p class='ocr_par' dir='ltr' id='par_1_2' title="bbox 255 659 1368 769">
     <span class='ocr_line' id='line_1_2' title="bbox 255 659 1368 769; baseline 0.012 -53"><span class='ocrx_word' id='word_1_4' title='bbox 255 674 301 716; x_wconf 79' lang='lat' dir='ltr'>m</span> <span class='ocrx_word' id='word_1_5' title='bbox 289 675 389 769; x_wconf 76' lang='lat' dir='ltr'>rurto</span> <span class='ocrx_word' id='word_1_6' title='bbox 422 668 535 725; x_wconf 88' lang='lat' dir='ltr'>turum</span> <span class='ocrx_word' id='word_1_7' title='bbox 561 659 676 737; x_wconf 66' lang='lat' dir='ltr'>laetus</span> <span class='ocrx_word' id='word_1_8' title='bbox 701 667 737 726; x_wconf 89' lang='lat' dir='ltr'>et</span> <span class='ocrx_word' id='word_1_9' title='bbox 762 662 878 726; x_wconf 79' lang='lat' dir='ltr'>alacer</span> <span class='ocrx_word' id='word_1_10' title='bbox 902 663 1139 746; x_wconf 71' lang='lat' dir='ltr'><strong>promittebat,</strong></span> <span class='ocrx_word' id='word_1_11' title='bbox 1165 661 1257 742; x_wconf 77' lang='lat' dir='ltr'>cum,</span> <span class='ocrx_word' id='word_1_12' title='bbox 1279 684 1368 743; x_wconf 86' lang='lat' dir='ltr'>ecce,</span> 
     </span>
    </p>
   </div>
   <div class='ocr_carea' id='block_1_3' title="bbox 254 728 334 776">
    <p class='ocr_par' dir='ltr' id='par_1_3' title="bbox 254 728 334 776">
     <span class='ocr_line' id='line_1_3' title="bbox 254 728 334 776; baseline 0 0"><span class='ocrx_word' id='word_1_13' title='bbox 254 728 334 776; x_wconf 60' lang='grc' dir='ltr'>ΝΟΜ·</span> 
     </span>
    </p>
   </div>
   <div class='ocr_carea' id='block_1_4' title="bbox 254 738 1367 867">
    <p class='ocr_par' dir='ltr' id='par_1_4' title="bbox 254 738 1367 867">
     <span class='ocr_line' id='line_1_4' title="bbox 254 738 1367 867; baseline 0.004 -41"><span class='ocrx_word' id='word_1_14' title='bbox 254 738 521 867; x_wconf 47' lang='lat' dir='ltr'>rnmgd2⁰primi</span> <span class='ocrx_word' id='word_1_15' title='bbox 538 762 745 843; x_wconf 68' lang='lat' dir='ltr'>omnesqui</span> <span class='ocrx_word' id='word_1_16' title='bbox 765 763 798 826; x_wconf 90' lang='lat' dir='ltr'>ei</span> <span class='ocrx_word' id='word_1_17' title='bbox 815 764 1036 840; x_wconf 82' lang='lat' dir='ltr'><strong>assistebant,</strong></span> <span class='ocrx_word' id='word_1_18' title='bbox 1054 764 1367 830; x_wconf 81' lang='lat' dir='ltr'>animadvertentes</span> 
     </span>
    </p>
   </div>
   <div class='ocr_carea' id='block_1_5' title="bbox 253 837 1366 1143">
    <p class='ocr_par' dir='ltr' id='par_1_5' title="bbox 253 837 1366 1143">
     <span class='ocr_line' id='line_1_5' title="bbox 253 837 1366 947; baseline 0.002 -19"><span class='ocrx_word' id='word_1_19' title='bbox 253 837 370 928; x_wconf 46' lang='lat' dir='ltr'>&amp;when</span> <span class='ocrx_word' id='word_1_20' title='bbox 420 861 512 944; x_wconf 82' lang='lat' dir='ltr'>quod</span> <span class='ocrx_word' id='word_1_21' title='bbox 529 862 674 945; x_wconf 83' lang='lat' dir='ltr'>praefata</span> <span class='ocrx_word' id='word_1_22' title='bbox 691 881 814 926; x_wconf 88' lang='lat' dir='ltr'>comes</span> <span class='ocrx_word' id='word_1_23' title='bbox 828 863 863 926; x_wconf 91' lang='lat' dir='ltr'>in</span> <span class='ocrx_word' id='word_1_24' title='bbox 880 862 959 927; x_wconf 91' lang='lat' dir='ltr'>dolo</span> <span class='ocrx_word' id='word_1_25' title='bbox 977 863 1186 946; x_wconf 89' lang='lat' dir='ltr'>loqueretur,</span> <span class='ocrx_word' id='word_1_26' title='bbox 1202 884 1224 928; x_wconf 92' lang='lat' dir='ltr'>a</span> <span class='ocrx_word' id='word_1_27' title='bbox 1243 884 1366 947; x_wconf 87' lang='lat' dir='ltr'>propo·</span> 
     </span>
     <span class='ocr_line' id='line_1_6' title="bbox 254 960 1365 1081; baseline -0.001 -51"><span class='ocrx_word' id='word_1_28' title='bbox 254 990 335 1031; x_wconf 64' lang='lat' dir='ltr'>naver</span> <span class='ocrx_word' id='word_1_29' title='bbox 343 992 386 1081; x_wconf 61' lang='lat'>3¹²⁶</span> <span class='ocrx_word' id='word_1_30' title='bbox 420 962 487 1027; x_wconf 89' lang='lat' dir='ltr'>sito</span> <span class='ocrx_word' id='word_1_31' title='bbox 509 982 626 1043; x_wconf 85' lang='lat' dir='ltr'>regem</span> <span class='ocrx_word' id='word_1_32' title='bbox 648 961 764 1026; x_wconf 81' lang='lat' dir='ltr'>subito</span> <span class='ocrx_word' id='word_1_33' title='bbox 786 960 1007 1028; x_wconf 88' lang='lat' dir='ltr'>revocarunt.</span> <span class='ocrx_word' id='word_1_34' title='bbox 1067 964 1238 1029; x_wconf 86' lang='lat' dir='ltr'>Dicebant</span> <span class='ocrx_word' id='word_1_35' title='bbox 1259 966 1365 1046; x_wconf 91' lang='lat' dir='ltr'>siqui-</span> 
     </span>
     <span class='ocr_line' id='line_1_7' title="bbox 254 1045 1366 1143; baseline -0.002 -11.978"><span class='ocrx_word' id='word_1_36' title='bbox 254 1045 379 1132; x_wconf 52' lang='lat' dir='ltr'>oiffltumiss&#39;</span> <span class='ocrx_word' id='word_1_37' title='bbox 419 1061 497 1126; x_wconf 87' lang='lat' dir='ltr'>dem</span> <span class='ocrx_word' id='word_1_38' title='bbox 537 1058 756 1143; x_wconf 89' lang='lat' dir='ltr'>nequaquam</span> <span class='ocrx_word' id='word_1_39' title='bbox 795 1063 994 1127; x_wconf 89' lang='lat' dir='ltr'>consultum</span> <span class='ocrx_word' id='word_1_40' title='bbox 1031 1082 1108 1127; x_wconf 89' lang='lat' dir='ltr'>esse</span> <span class='ocrx_word' id='word_1_41' title='bbox 1144 1064 1180 1127; x_wconf 94' lang='lat' dir='ltr'>in</span> <span class='ocrx_word' id='word_1_42' title='bbox 1216 1071 1366 1129; x_wconf 88' lang='lat' dir='ltr'>remotas</span> 
     </span>
    </p>
   </div>
   <div class='ocr_carea' id='block_1_6' title="bbox 417 1138 1366 1943">
    <p class='ocr_par' dir='ltr' id='par_1_6' title="bbox 417 1138 1366 1943">
     <span class='ocr_line' id='line_1_8' title="bbox 418 1138 1365 1246; baseline 0.003 -20"><span class='ocrx_word' id='word_1_43' title='bbox 418 1161 589 1226; x_wconf 81' lang='lat' dir='ltr'>Waloniae</span> <span class='ocrx_word' id='word_1_44' title='bbox 602 1168 728 1243; x_wconf 70' lang='lat' dir='ltr'>partes</span> <span class='ocrx_word' id='word_1_45' title='bbox 743 1162 1028 1244; x_wconf 89' lang='lat' dir='ltr'>quemadmodum</span> <span class='ocrx_word' id='word_1_46' title='bbox 1041 1182 1156 1227; x_wconf 90' lang='lat' dir='ltr'>comes</span> <span class='ocrx_word' id='word_1_47' title='bbox 1170 1138 1365 1246; x_wconf 76' lang='lat' dir='ltr'>expetebat,</span> 
     </span>
     <span class='ocr_line' id='line_1_9' title="bbox 417 1260 1366 1345; baseline 0.005 -21"><span class='ocrx_word' id='word_1_48' title='bbox 417 1281 533 1343; x_wconf 85' lang='lat' dir='ltr'>regem</span> <span class='ocrx_word' id='word_1_49' title='bbox 560 1260 766 1343; x_wconf 74' lang='lat' dir='ltr'>procedere:</span> <span class='ocrx_word' id='word_1_50' title='bbox 799 1263 951 1326; x_wconf 78' lang='lat' dir='ltr'>maxime</span> <span class='ocrx_word' id='word_1_51' title='bbox 974 1261 1052 1325; x_wconf 77' lang='lat' dir='ltr'>cum</span> <span class='ocrx_word' id='word_1_52' title='bbox 1076 1263 1121 1327; x_wconf 90' lang='lat' dir='ltr'>ad</span> <span class='ocrx_word' id='word_1_53' title='bbox 1142 1262 1290 1345; x_wconf 89' lang='lat' dir='ltr'>plurima</span> <span class='ocrx_word' id='word_1_54' title='bbox 1311 1284 1366 1329; x_wconf 87' lang='lat' dir='ltr'>se-</span> 
     </span>
     <span class='ocr_line' id='line_1_10' title="bbox 418 1361 1366 1444; baseline 0.004 -19"><span class='ocrx_word' id='word_1_55' title='bbox 418 1361 533 1425; x_wconf 88' lang='lat' dir='ltr'>danda</span> <span class='ocrx_word' id='word_1_56' title='bbox 556 1361 779 1425; x_wconf 87' lang='lat' dir='ltr'>dissensionis</span> <span class='ocrx_word' id='word_1_57' title='bbox 800 1362 945 1439; x_wconf 86' lang='lat' dir='ltr'>semina,</span> <span class='ocrx_word' id='word_1_58' title='bbox 967 1382 1045 1443; x_wconf 87' lang='lat' dir='ltr'>quae</span> <span class='ocrx_word' id='word_1_59' title='bbox 1066 1364 1190 1444; x_wconf 90' lang='lat' dir='ltr'>ubique</span> <span class='ocrx_word' id='word_1_60' title='bbox 1212 1363 1366 1428; x_wconf 91' lang='lat' dir='ltr'>locorum</span> 
     </span>
     <span class='ocr_line' id='line_1_11' title="bbox 417 1458 1364 1545; baseline 0.001 -19"><span class='ocrx_word' id='word_1_61' title='bbox 417 1482 478 1545; x_wconf 90' lang='lat' dir='ltr'>per</span> <span class='ocrx_word' id='word_1_62' title='bbox 494 1461 659 1543; x_wconf 82' lang='lat' dir='ltr'>Angliam</span> <span class='ocrx_word' id='word_1_63' title='bbox 683 1458 914 1543; x_wconf 68' lang='lat' dir='ltr'>pullularunt,</span> <span class='ocrx_word' id='word_1_64' title='bbox 942 1468 1182 1527; x_wconf 88' lang='lat' dir='ltr'>revocaretur:</span> <span class='ocrx_word' id='word_1_65' title='bbox 1215 1483 1279 1528; x_wconf 90' lang='lat' dir='ltr'>nec</span> <span class='ocrx_word' id='word_1_66' title='bbox 1309 1472 1364 1527; x_wconf 89' lang='lat' dir='ltr'>tu·</span> 
     </span>
     <span class='ocr_line' id='line_1_12' title="bbox 418 1562 1365 1645; baseline 0.002 -20"><span class='ocrx_word' id='word_1_67' title='bbox 418 1569 491 1625; x_wconf 90' lang='lat' dir='ltr'>tum</span> <span class='ocrx_word' id='word_1_68' title='bbox 507 1580 582 1633; x_wconf 87' lang='lat' dir='ltr'>esse</span> <span class='ocrx_word' id='word_1_69' title='bbox 597 1580 658 1642; x_wconf 89' lang='lat' dir='ltr'>per</span> <span class='ocrx_word' id='word_1_70' title='bbox 676 1562 825 1643; x_wconf 83' lang='lat' dir='ltr'>abrupta</span> <span class='ocrx_word' id='word_1_71' title='bbox 845 1562 1025 1639; x_wconf 91' lang='lat' dir='ltr'>montium,</span> <span class='ocrx_word' id='word_1_72' title='bbox 1039 1582 1100 1645; x_wconf 88' lang='lat' dir='ltr'>per</span> <span class='ocrx_word' id='word_1_73' title='bbox 1119 1562 1292 1627; x_wconf 86' lang='lat' dir='ltr'>condensa</span> <span class='ocrx_word' id='word_1_74' title='bbox 1306 1564 1365 1627; x_wconf 89' lang='lat' dir='ltr'>sil·</span> 
     </span>
     <span class='ocr_line' id='line_1_13' title="bbox 417 1660 1366 1745; baseline 0.004 -21"><span class='ocrx_word' id='word_1_75' title='bbox 417 1681 550 1737; x_wconf 88' lang='lat' dir='ltr'>varum,</span> <span class='ocrx_word' id='word_1_76' title='bbox 573 1660 609 1722; x_wconf 92' lang='lat' dir='ltr'>in</span> <span class='ocrx_word' id='word_1_77' title='bbox 628 1661 785 1725; x_wconf 87' lang='lat' dir='ltr'>barbarae</span> <span class='ocrx_word' id='word_1_78' title='bbox 805 1662 916 1742; x_wconf 86' lang='lat' dir='ltr'>gentis</span> <span class='ocrx_word' id='word_1_79' title='bbox 940 1662 1080 1725; x_wconf 85' lang='lat' dir='ltr'>insidias</span> <span class='ocrx_word' id='word_1_80' title='bbox 1099 1660 1366 1745; x_wconf 67' lang='lat' dir='ltr'>circumquaque</span> 
     </span>
     <span class='ocr_line' id='line_1_14' title="bbox 418 1760 1364 1844; baseline 0.003 -20"><span class='ocrx_word' id='word_1_81' title='bbox 418 1760 612 1843; x_wconf 69' lang='lat' dir='ltr'>dispositae,</span> <span class='ocrx_word' id='word_1_82' title='bbox 632 1760 822 1824; x_wconf 84' lang='lat' dir='ltr'>exercitum</span> <span class='ocrx_word' id='word_1_83' title='bbox 836 1760 972 1838; x_wconf 90' lang='lat' dir='ltr'>ducere,</span> <span class='ocrx_word' id='word_1_84' title='bbox 987 1761 1045 1826; x_wconf 88' lang='lat' dir='ltr'>ubi</span> <span class='ocrx_word' id='word_1_85' title='bbox 1059 1781 1122 1825; x_wconf 91' lang='lat' dir='ltr'>nec</span> <span class='ocrx_word' id='word_1_86' title='bbox 1137 1781 1305 1844; x_wconf 89' lang='lat' dir='ltr'>aquarum</span> <span class='ocrx_word' id='word_1_87' title='bbox 1323 1763 1364 1827; x_wconf 94' lang='lat' dir='ltr'>li·</span> 
     </span>
     <span class='ocr_line' id='line_1_15' title="bbox 417 1860 1365 1943; baseline 0.004 -20"><span class='ocrx_word' id='word_1_88' title='bbox 417 1880 505 1943; x_wconf 90' lang='lat' dir='ltr'>quor</span> <span class='ocrx_word' id='word_1_89' title='bbox 526 1860 571 1923; x_wconf 89' lang='lat' dir='ltr'>ad</span> <span class='ocrx_word' id='word_1_90' title='bbox 594 1860 686 1924; x_wconf 90' lang='lat' dir='ltr'>sitim</span> <span class='ocrx_word' id='word_1_91' title='bbox 707 1880 769 1942; x_wconf 91' lang='lat' dir='ltr'>pro</span> <span class='ocrx_word' id='word_1_92' title='bbox 784 1868 868 1925; x_wconf 89' lang='lat' dir='ltr'>voto</span> <span class='ocrx_word' id='word_1_93' title='bbox 889 1861 1108 1925; x_wconf 86' lang='lat' dir='ltr'>relevandam</span> <span class='ocrx_word' id='word_1_94' title='bbox 1130 1881 1167 1925; x_wconf 88' lang='lat' dir='ltr'>se</span> <span class='ocrx_word' id='word_1_95' title='bbox 1189 1862 1365 1940; x_wconf 87' lang='lat' dir='ltr'>offerebat,</span> 
     </span>
    </p>
   </div>
   <div class='ocr_carea' id='block_1_7' title="bbox 327 1959 1365 2046">
    <p class='ocr_par' dir='ltr' id='par_1_7' title="bbox 327 1959 1365 2046">
     <span class='ocr_line' id='line_1_16' title="bbox 327 1959 1365 2046; baseline 0.005 -23"><span class='ocrx_word' id='word_1_96' title='bbox 327 2030 352 2035; x_wconf 68' lang='lat'>,.</span> <span class='ocrx_word' id='word_1_97' title='bbox 418 1981 480 2025; x_wconf 87' lang='lat' dir='ltr'>nec</span> <span class='ocrx_word' id='word_1_98' title='bbox 503 1980 658 2025; x_wconf 91' lang='lat' dir='ltr'>escarum</span> <span class='ocrx_word' id='word_1_99' title='bbox 678 1959 855 2042; x_wconf 82' lang='lat' dir='ltr'>suffragia,</span> <span class='ocrx_word' id='word_1_100' title='bbox 870 1980 947 2043; x_wconf 87' lang='lat' dir='ltr'>quae</span> <span class='ocrx_word' id='word_1_101' title='bbox 969 1961 1064 2040; x_wconf 85' lang='lat' dir='ltr'>regio</span> <span class='ocrx_word' id='word_1_102' title='bbox 1086 1960 1280 2027; x_wconf 91' lang='lat' dir='ltr'>sufficerent</span> <span class='ocrx_word' id='word_1_103' title='bbox 1303 1983 1365 2046; x_wconf 87' lang='lat' dir='ltr'>ap-</span> 
     </span>
    </p>
   </div>
   <div class='ocr_carea' id='block_1_8' title="bbox 411 2060 1364 4134">
    <p class='ocr_par' dir='ltr' id='par_1_8' title="bbox 411 2060 1364 4134">
     <span class='ocr_line' id='line_1_17' title="bbox 418 2060 1363 2145; baseline 0.002 -21"><span class='ocrx_word' id='word_1_104' title='bbox 418 2060 567 2142; x_wconf 86' lang='lat' dir='ltr'>paratui,</span> <span class='ocrx_word' id='word_1_105' title='bbox 588 2060 625 2122; x_wconf 91' lang='lat' dir='ltr'>in</span> <span class='ocrx_word' id='word_1_106' title='bbox 647 2066 808 2141; x_wconf 89' lang='lat' dir='ltr'>promptu</span> <span class='ocrx_word' id='word_1_107' title='bbox 837 2062 1084 2126; x_wconf 88' lang='lat' dir='ltr'>occurrebant:</span> <span class='ocrx_word' id='word_1_108' title='bbox 1125 2069 1256 2125; x_wconf 90' lang='lat' dir='ltr'>certum</span> <span class='ocrx_word' id='word_1_109' title='bbox 1288 2064 1363 2145; x_wconf 92' lang='lat' dir='ltr'>qui·</span> 
     </span>
     <span class='ocr_line' id='line_1_18' title="bbox 418 2158 1363 2244; baseline 0.004 -22"><span class='ocrx_word' id='word_1_110' title='bbox 418 2160 496 2223; x_wconf 91' lang='lat' dir='ltr'>dem</span> <span class='ocrx_word' id='word_1_111' title='bbox 518 2159 666 2241; x_wconf 91' lang='lat' dir='ltr'>plurima</span> <span class='ocrx_word' id='word_1_112' title='bbox 691 2158 867 2224; x_wconf 73' lang='lat' dir='ltr'>imminere</span> <span class='ocrx_word' id='word_1_113' title='bbox 894 2161 930 2223; x_wconf 92' lang='lat' dir='ltr'>in</span> <span class='ocrx_word' id='word_1_114' title='bbox 953 2160 1074 2224; x_wconf 89' lang='lat' dir='ltr'>itinere</span> <span class='ocrx_word' id='word_1_115' title='bbox 1097 2162 1260 2243; x_wconf 86' lang='lat' dir='ltr'>pericula,</span> <span class='ocrx_word' id='word_1_116' title='bbox 1286 2163 1363 2244; x_wconf 91' lang='lat' dir='ltr'>plu-</span> 
     </span>
     <span class='ocr_line' id='line_1_19' title="bbox 418 2257 1364 2341; baseline 0.004 -19"><span class='ocrx_word' id='word_1_117' title='bbox 418 2258 505 2322; x_wconf 90' lang='lat' dir='ltr'>rima</span> <span class='ocrx_word' id='word_1_118' title='bbox 527 2264 645 2341; x_wconf 90' lang='lat' dir='ltr'>patere</span> <span class='ocrx_word' id='word_1_119' title='bbox 674 2257 951 2341; x_wconf 70' lang='lat' dir='ltr'>quaquaversum</span> <span class='ocrx_word' id='word_1_120' title='bbox 974 2259 1190 2340; x_wconf 83' lang='lat' dir='ltr'>discrimina3</span> <span class='ocrx_word' id='word_1_121' title='bbox 1229 2260 1309 2325; x_wconf 81' lang='lat' dir='ltr'>clun</span> <span class='ocrx_word' id='word_1_122' title='bbox 1328 2262 1364 2327; x_wconf 90' lang='lat' dir='ltr'>id</span> 
     </span>
     <span class='ocr_line' id='line_1_20' title="bbox 418 2358 1364 2440; baseline 0.004 -19"><span class='ocrx_word' id='word_1_123' title='bbox 418 2379 555 2440; x_wconf 91' lang='lat' dir='ltr'>quoque</span> <span class='ocrx_word' id='word_1_124' title='bbox 571 2365 660 2422; x_wconf 89' lang='lat' dir='ltr'>esset</span> <span class='ocrx_word' id='word_1_125' title='bbox 680 2359 717 2421; x_wconf 91' lang='lat' dir='ltr'>in</span> <span class='ocrx_word' id='word_1_126' title='bbox 736 2358 852 2437; x_wconf 91' lang='lat' dir='ltr'>dubio,</span> <span class='ocrx_word' id='word_1_127' title='bbox 866 2367 982 2423; x_wconf 87' lang='lat' dir='ltr'>utrum</span> <span class='ocrx_word' id='word_1_128' title='bbox 1000 2360 1150 2438; x_wconf 90' lang='lat' dir='ltr'>tandem,</span> <span class='ocrx_word' id='word_1_129' title='bbox 1165 2360 1283 2425; x_wconf 89' lang='lat' dir='ltr'>labore</span> <span class='ocrx_word' id='word_1_130' title='bbox 1301 2358 1364 2425; x_wconf 81' lang='lat' dir='ltr'>ex·</span> 
     </span>
     <span class='ocr_line' id='line_1_21' title="bbox 417 2456 1361 2542; baseline 0.003 -20"><span class='ocrx_word' id='word_1_131' title='bbox 417 2458 554 2537; x_wconf 90' lang='lat' dir='ltr'>hausto,</span> <span class='ocrx_word' id='word_1_132' title='bbox 576 2458 619 2523; x_wconf 88' lang='lat' dir='ltr'>de</span> <span class='ocrx_word' id='word_1_133' title='bbox 648 2456 794 2524; x_wconf 68' lang='lat' dir='ltr'>victorii</span> <span class='ocrx_word' id='word_1_134' title='bbox 822 2457 985 2542; x_wconf 73' lang='lat' dir='ltr'>potienda</span> <span class='ocrx_word' id='word_1_135' title='bbox 1013 2460 1097 2524; x_wconf 91' lang='lat' dir='ltr'>certi</span> <span class='ocrx_word' id='word_1_136' title='bbox 1122 2460 1361 2526; x_wconf 90' lang='lat' dir='ltr'>redderentur:</span> 
     </span>
     <span class='ocr_line' id='line_1_22' title="bbox 417 2559 1361 2644; baseline 0.002 -20"><span class='ocrx_word' id='word_1_137' title='bbox 417 2559 634 2624; x_wconf 88' lang='lat' dir='ltr'>temerarium</span> <span class='ocrx_word' id='word_1_138' title='bbox 656 2579 793 2640; x_wconf 87' lang='lat' dir='ltr'>quoque</span> <span class='ocrx_word' id='word_1_139' title='bbox 813 2579 899 2637; x_wconf 89' lang='lat' dir='ltr'>esse,</span> <span class='ocrx_word' id='word_1_140' title='bbox 921 2561 1089 2642; x_wconf 86' lang='lat' dir='ltr'>nimisque</span> <span class='ocrx_word' id='word_1_141' title='bbox 1111 2569 1361 2644; x_wconf 86' lang='lat' dir='ltr'>praesumptuo-</span> 
     </span>
     <span class='ocr_line' id='line_1_23' title="bbox 415 2659 1363 2743; baseline 0.002 -20"><span class='ocrx_word' id='word_1_142' title='bbox 415 2679 503 2736; x_wconf 90' lang='lat' dir='ltr'>sum,</span> <span class='ocrx_word' id='word_1_143' title='bbox 525 2659 562 2721; x_wconf 91' lang='lat' dir='ltr'>in</span> <span class='ocrx_word' id='word_1_144' title='bbox 587 2659 662 2743; x_wconf 87' lang='lat' dir='ltr'>ejus</span> <span class='ocrx_word' id='word_1_145' title='bbox 682 2678 718 2722; x_wconf 92' lang='lat' dir='ltr'>se</span> <span class='ocrx_word' id='word_1_146' title='bbox 747 2659 947 2723; x_wconf 88' lang='lat' dir='ltr'>comitatum</span> <span class='ocrx_word' id='word_1_147' title='bbox 968 2667 1040 2724; x_wconf 83' lang='lat' dir='ltr'>tam</span> <span class='ocrx_word' id='word_1_148' title='bbox 1062 2660 1253 2725; x_wconf 78' lang='lat' dir='ltr'>inconsulte</span> <span class='ocrx_word' id='word_1_149' title='bbox 1274 2662 1363 2726; x_wconf 89' lang='lat' dir='ltr'>velle</span> 
     </span>
     <span class='ocr_line' id='line_1_24' title="bbox 414 2759 1364 2842; baseline 0.005 -22"><span class='ocrx_word' id='word_1_150' title='bbox 414 2759 581 2840; x_wconf 83' lang='lat' dir='ltr'>ingerere,</span> <span class='ocrx_word' id='word_1_151' title='bbox 591 2759 651 2840; x_wconf 92' lang='lat' dir='ltr'>qui</span> <span class='ocrx_word' id='word_1_152' title='bbox 665 2759 925 2841; x_wconf 81' lang='lat' dir='ltr'>praemaximam</span> <span class='ocrx_word' id='word_1_153' title='bbox 940 2761 1036 2841; x_wconf 85' lang='lat' dir='ltr'>regni</span> <span class='ocrx_word' id='word_1_154' title='bbox 1050 2766 1183 2842; x_wconf 89' lang='lat' dir='ltr'>partem</span> <span class='ocrx_word' id='word_1_155' title='bbox 1199 2761 1364 2826; x_wconf 90' lang='lat' dir='ltr'>adversus</span> 
     </span>
     <span class='ocr_line' id='line_1_25' title="bbox 415 2858 1362 2941; baseline 0.004 -20"><span class='ocrx_word' id='word_1_156' title='bbox 415 2877 453 2921; x_wconf 88' lang='lat' dir='ltr'>se</span> <span class='ocrx_word' id='word_1_157' title='bbox 478 2859 732 2941; x_wconf 83' lang='lat' dir='ltr'>praeripuisset:</span> <span class='ocrx_word' id='word_1_158' title='bbox 767 2865 802 2922; x_wconf 89' lang='lat' dir='ltr'>et</span> <span class='ocrx_word' id='word_1_159' title='bbox 824 2858 905 2923; x_wconf 76' lang='lat' dir='ltr'>licet</span> <span class='ocrx_word' id='word_1_160' title='bbox 934 2878 972 2922; x_wconf 90' lang='lat' dir='ltr'>se</span> <span class='ocrx_word' id='word_1_161' title='bbox 1003 2859 1088 2940; x_wconf 85' lang='lat' dir='ltr'>regi,</span> <span class='ocrx_word' id='word_1_162' title='bbox 1110 2867 1149 2923; x_wconf 88' lang='lat' dir='ltr'>ut</span> <span class='ocrx_word' id='word_1_163' title='bbox 1169 2861 1362 2939; x_wconf 88' lang='lat' dir='ltr'>videbatur,</span> 
     </span>
     <span class='ocr_line' id='line_1_26' title="bbox 415 2955 1363 3040; baseline 0.005 -20"><span class='ocrx_word' id='word_1_164' title='bbox 415 2955 623 3033; x_wconf 59' lang='lat' dir='ltr'>inclinasset,</span> <span class='ocrx_word' id='word_1_165' title='bbox 645 2977 715 3020; x_wconf 91' lang='lat' dir='ltr'>non</span> <span class='ocrx_word' id='word_1_166' title='bbox 742 2963 858 3021; x_wconf 88' lang='lat' dir='ltr'>tamen</span> <span class='ocrx_word' id='word_1_167' title='bbox 883 2977 921 3022; x_wconf 87' lang='lat' dir='ltr'>se</span> <span class='ocrx_word' id='word_1_168' title='bbox 946 2959 982 3021; x_wconf 92' lang='lat' dir='ltr'>in</span> <span class='ocrx_word' id='word_1_169' title='bbox 1007 2959 1123 3040; x_wconf 90' lang='lat' dir='ltr'>aliquo</span> <span class='ocrx_word' id='word_1_170' title='bbox 1145 2961 1363 3038; x_wconf 85' lang='lat' dir='ltr'>securiorem,</span> 
     </span>
     <span class='ocr_line' id='line_1_27' title="bbox 415 3055 1363 3133; baseline 0.006 -15"><span class='ocrx_word' id='word_1_171' title='bbox 415 3055 475 3120; x_wconf 91' lang='lat' dir='ltr'>sed</span> <span class='ocrx_word' id='word_1_172' title='bbox 490 3076 553 3119; x_wconf 90' lang='lat' dir='ltr'>nec</span> <span class='ocrx_word' id='word_1_173' title='bbox 563 3055 643 3119; x_wconf 91' lang='lat' dir='ltr'>fidei</span> <span class='ocrx_word' id='word_1_174' title='bbox 657 3055 872 3133; x_wconf 86' lang='lat' dir='ltr'>certitudine,</span> <span class='ocrx_word' id='word_1_175' title='bbox 887 3077 950 3121; x_wconf 92' lang='lat' dir='ltr'>nec</span> <span class='ocrx_word' id='word_1_176' title='bbox 961 3058 1118 3122; x_wconf 91' lang='lat' dir='ltr'>obsidum</span> <span class='ocrx_word' id='word_1_177' title='bbox 1127 3061 1363 3124; x_wconf 88' lang='lat' dir='ltr'>commissione</span> 
     </span>
     <span class='ocr_line' id='line_1_28' title="bbox 416 3155 1363 3239; baseline 0.007 -21"><span class='ocrx_word' id='word_1_178' title='bbox 416 3156 620 3220; x_wconf 88' lang='lat' dir='ltr'>reddidisset</span> <span class='ocrx_word' id='word_1_179' title='bbox 648 3155 851 3222; x_wconf 85' lang='lat' dir='ltr'>certiorem:</span> <span class='ocrx_word' id='word_1_180' title='bbox 891 3156 983 3239; x_wconf 80' lang='lat' dir='ltr'>quod</span> <span class='ocrx_word' id='word_1_181' title='bbox 1008 3157 1038 3221; x_wconf 88' lang='lat' dir='ltr'>si</span> <span class='ocrx_word' id='word_1_182' title='bbox 1060 3158 1109 3222; x_wconf 89' lang='lat' dir='ltr'>ad</span> <span class='ocrx_word' id='word_1_183' title='bbox 1135 3158 1250 3223; x_wconf 88' lang='lat' dir='ltr'>hostes</span> <span class='ocrx_word' id='word_1_184' title='bbox 1280 3180 1363 3225; x_wconf 90' lang='lat' dir='ltr'>con·</span> 
     </span>
     <span class='ocr_line' id='line_1_29' title="bbox 414 3256 1363 3340; baseline 0.004 -20"><span class='ocrx_word' id='word_1_185' title='bbox 414 3256 574 3320; x_wconf 87' lang='lat' dir='ltr'>terendos</span> <span class='ocrx_word' id='word_1_186' title='bbox 593 3276 721 3338; x_wconf 84' lang='lat' dir='ltr'>regem,</span> <span class='ocrx_word' id='word_1_187' title='bbox 736 3264 775 3320; x_wconf 88' lang='lat' dir='ltr'>ut</span> <span class='ocrx_word' id='word_1_188' title='bbox 798 3257 1008 3338; x_wconf 87' lang='lat' dir='ltr'>postulabat,</span> <span class='ocrx_word' id='word_1_189' title='bbox 1024 3257 1128 3322; x_wconf 86' lang='lat' dir='ltr'>vellet</span> <span class='ocrx_word' id='word_1_190' title='bbox 1150 3279 1363 3340; x_wconf 87' lang='lat' dir='ltr'>promovere,</span> 
     </span>
     <span class='ocr_line' id='line_1_30' title="bbox 413 3355 1363 3441; baseline 0.002 -20"><span class='ocrx_word' id='word_1_191' title='bbox 413 3356 572 3422; x_wconf 88' lang='lat' dir='ltr'>redderet</span> <span class='ocrx_word' id='word_1_192' title='bbox 596 3355 692 3437; x_wconf 77' lang='lat' dir='ltr'>prius</span> <span class='ocrx_word' id='word_1_193' title='bbox 715 3375 792 3437; x_wconf 88' lang='lat' dir='ltr'>quae</span> <span class='ocrx_word' id='word_1_194' title='bbox 815 3356 858 3419; x_wconf 86' lang='lat' dir='ltr'>de</span> <span class='ocrx_word' id='word_1_195' title='bbox 879 3358 950 3420; x_wconf 91' lang='lat' dir='ltr'>suis</span> <span class='ocrx_word' id='word_1_196' title='bbox 972 3357 1101 3441; x_wconf 78' lang='lat' dir='ltr'>injuste</span> <span class='ocrx_word' id='word_1_197' title='bbox 1123 3367 1363 3440; x_wconf 87' lang='lat' dir='ltr'>usurpaverat,</span> 
     </span>
     <span class='ocr_line' id='line_1_31' title="bbox 413 3452 1362 3536; baseline 0.007 -19"><span class='ocrx_word' id='word_1_198' title='bbox 413 3454 481 3517; x_wconf 89' lang='lat' dir='ltr'>fide</span> <span class='ocrx_word' id='word_1_199' title='bbox 496 3473 633 3536; x_wconf 91' lang='lat' dir='ltr'>quoque</span> <span class='ocrx_word' id='word_1_200' title='bbox 651 3452 820 3531; x_wconf 79' lang='lat' dir='ltr'>exhibita,</span> <span class='ocrx_word' id='word_1_201' title='bbox 835 3456 893 3519; x_wconf 89' lang='lat' dir='ltr'>sed</span> <span class='ocrx_word' id='word_1_202' title='bbox 915 3464 951 3521; x_wconf 88' lang='lat' dir='ltr'>et</span> <span class='ocrx_word' id='word_1_203' title='bbox 967 3457 1141 3520; x_wconf 88' lang='lat' dir='ltr'>obsidibus</span> <span class='ocrx_word' id='word_1_204' title='bbox 1164 3459 1290 3522; x_wconf 89' lang='lat' dir='ltr'>oblatis</span> <span class='ocrx_word' id='word_1_205' title='bbox 1307 3466 1362 3524; x_wconf 89' lang='lat' dir='ltr'>tu·</span> 
     </span>
     <span class='ocr_line' id='line_1_32' title="bbox 412 3552 1363 3635; baseline 0.006 -19"><span class='ocrx_word' id='word_1_206' title='bbox 412 3552 534 3616; x_wconf 92' lang='lat' dir='ltr'>tiorem</span> <span class='ocrx_word' id='word_1_207' title='bbox 549 3552 696 3616; x_wconf 87' lang='lat' dir='ltr'>faceret:</span> <span class='ocrx_word' id='word_1_208' title='bbox 720 3552 813 3635; x_wconf 81' lang='lat' dir='ltr'>quod</span> <span class='ocrx_word' id='word_1_209' title='bbox 835 3554 866 3616; x_wconf 89' lang='lat' dir='ltr'>si</span> <span class='ocrx_word' id='word_1_210' title='bbox 887 3555 923 3616; x_wconf 91' lang='lat' dir='ltr'>in</span> <span class='ocrx_word' id='word_1_211' title='bbox 943 3555 1085 3618; x_wconf 90' lang='lat' dir='ltr'>instanti</span> <span class='ocrx_word' id='word_1_212' title='bbox 1106 3555 1219 3619; x_wconf 80' lang='lat' dir='ltr'>facere</span> <span class='ocrx_word' id='word_1_213' title='bbox 1234 3559 1363 3622; x_wconf 89' lang='lat' dir='ltr'>renuis-</span> 
     </span>
     <span class='ocr_line' id='line_1_33' title="bbox 413 3651 1362 3737; baseline 0.011 -23"><span class='ocrx_word' id='word_1_214' title='bbox 413 3659 477 3728; x_wconf 91' lang='lat' dir='ltr'>set,</span> <span class='ocrx_word' id='word_1_215' title='bbox 489 3671 557 3716; x_wconf 91' lang='lat' dir='ltr'>non</span> <span class='ocrx_word' id='word_1_216' title='bbox 572 3651 684 3716; x_wconf 80' lang='lat' dir='ltr'>solum</span> <span class='ocrx_word' id='word_1_217' title='bbox 699 3672 777 3716; x_wconf 92' lang='lat' dir='ltr'>eum</span> <span class='ocrx_word' id='word_1_218' title='bbox 792 3651 1009 3718; x_wconf 87' lang='lat' dir='ltr'>affirmabant</span> <span class='ocrx_word' id='word_1_219' title='bbox 1019 3657 1362 3737; x_wconf 88' lang='lat' dir='ltr'>non,utp0stulabat,</span> 
     </span>
     <span class='ocr_line' id='line_1_34' title="bbox 412 3751 1362 3835; baseline 0.008 -20"><span class='ocrx_word' id='word_1_220' title='bbox 412 3751 580 3835; x_wconf 89' lang='lat' dir='ltr'>adjuvare</span> <span class='ocrx_word' id='word_1_221' title='bbox 598 3751 734 3830; x_wconf 90' lang='lat' dir='ltr'>debere,</span> <span class='ocrx_word' id='word_1_222' title='bbox 749 3751 810 3816; x_wconf 88' lang='lat' dir='ltr'>sed</span> <span class='ocrx_word' id='word_1_223' title='bbox 825 3759 860 3816; x_wconf 93' lang='lat' dir='ltr'>et</span> <span class='ocrx_word' id='word_1_224' title='bbox 879 3760 918 3817; x_wconf 91' lang='lat' dir='ltr'>ut</span> <span class='ocrx_word' id='word_1_225' title='bbox 936 3753 972 3817; x_wconf 93' lang='lat' dir='ltr'>in</span> <span class='ocrx_word' id='word_1_226' title='bbox 986 3754 1212 3819; x_wconf 84' lang='lat' dir='ltr'>saevissimum</span> <span class='ocrx_word' id='word_1_227' title='bbox 1228 3757 1362 3822; x_wconf 86' lang='lat' dir='ltr'>hostem</span> 
     </span>
     <span class='ocr_line' id='line_1_35' title="bbox 411 3851 1362 3941; baseline 0.006 -26"><span class='ocrx_word' id='word_1_228' title='bbox 411 3851 491 3915; x_wconf 76' lang='lat' dir='ltr'>vive</span> <span class='ocrx_word' id='word_1_229' title='bbox 510 3852 546 3914; x_wconf 91' lang='lat' dir='ltr'>in</span> <span class='ocrx_word' id='word_1_230' title='bbox 568 3871 658 3930; x_wconf 91' lang='lat' dir='ltr'>eum,</span> <span class='ocrx_word' id='word_1_231' title='bbox 674 3859 709 3916; x_wconf 90' lang='lat' dir='ltr'>et</span> <span class='ocrx_word' id='word_1_232' title='bbox 730 3859 929 3917; x_wconf 86' lang='lat' dir='ltr'>constanter</span> <span class='ocrx_word' id='word_1_233' title='bbox 949 3854 1138 3936; x_wconf 83' lang='lat' dir='ltr'>insurgere,</span> <span class='ocrx_word' id='word_1_234' title='bbox 1154 3863 1362 3941; x_wconf 91' lang='lat' dir='ltr'>captumque</span> 
     </span>
     <span class='ocr_line' id='line_1_36' title="bbox 411 3949 1361 4034; baseline 0.007 -19"><span class='ocrx_word' id='word_1_235' title='bbox 411 3953 484 4015; x_wconf 89' lang='lat' dir='ltr'>sine</span> <span class='ocrx_word' id='word_1_236' title='bbox 499 3949 608 4028; x_wconf 74' lang='lat' dir='ltr'>mord,</span> <span class='ocrx_word' id='word_1_237' title='bbox 626 3951 734 4016; x_wconf 87' lang='lat' dir='ltr'>donec</span> <span class='ocrx_word' id='word_1_238' title='bbox 750 3953 824 4034; x_wconf 85' lang='lat' dir='ltr'>regi</span> <span class='ocrx_word' id='word_1_239' title='bbox 845 3953 1070 4031; x_wconf 83' lang='lat' dir='ltr'>satisfaceret,</span> <span class='ocrx_word' id='word_1_240' title='bbox 1087 3956 1215 4020; x_wconf 90' lang='lat' dir='ltr'>carceri</span> <span class='ocrx_word' id='word_1_241' title='bbox 1231 3957 1361 4022; x_wconf 88' lang='lat' dir='ltr'>manci·</span> 
     </span>
     <span class='ocr_line' id='line_1_37' title="bbox 411 4071 506 4134; baseline -0.011 -19"><span class='ocrx_word' id='word_1_242' title='bbox 411 4071 506 4134; x_wconf 88' lang='lat' dir='ltr'>pare.</span> 
     </span>
    </p>
   </div>
   <div class='ocr_carea' id='block_1_9' title="bbox 403 4149 1361 4235">
    <p class='ocr_par' dir='ltr' id='par_1_9' title="bbox 403 4149 1361 4235">
     <span class='ocr_line' id='line_1_38' title="bbox 403 4149 1361 4235; baseline 0.003 -20"><span class='ocrx_word' id='word_1_243' title='bbox 403 4157 406 4162; x_wconf 81' lang='grc'>’</span> <span class='ocrx_word' id='word_1_244' title='bbox 461 4149 549 4215; x_wconf 84' lang='lat' dir='ltr'>Cum</span> <span class='ocrx_word' id='word_1_245' title='bbox 572 4150 679 4230; x_wconf 81' lang='lat' dir='ltr'>igitur</span> <span class='ocrx_word' id='word_1_246' title='bbox 701 4169 787 4215; x_wconf 88' lang='lat' dir='ltr'>sano</span> <span class='ocrx_word' id='word_1_247' title='bbox 810 4151 1006 4235; x_wconf 90' lang='lat' dir='ltr'>hujusmodi</span> <span class='ocrx_word' id='word_1_248' title='bbox 1032 4154 1176 4218; x_wconf 90' lang='lat' dir='ltr'>consilio</span> <span class='ocrx_word' id='word_1_249' title='bbox 1198 4175 1261 4218; x_wconf 86' lang='lat' dir='ltr'>rex</span> <span class='ocrx_word' id='word_1_250' title='bbox 1284 4163 1361 4219; x_wconf 87' lang='lat' dir='ltr'>tan-</span> 
     </span>
    </p>
   </div>
   <div class='ocr_carea' id='block_1_10' title="bbox 409 4249 1358 4334">
    <p class='ocr_par' dir='ltr' id='par_1_10' title="bbox 409 4249 1358 4334">
     <span class='ocr_line' id='line_1_39' title="bbox 409 4249 1358 4334; baseline 0.006 -21"><span class='ocrx_word' id='word_1_251' title='bbox 409 4251 485 4313; x_wconf 93' lang='lat' dir='ltr'>dem</span> <span class='ocrx_word' id='word_1_252' title='bbox 503 4249 584 4314; x_wconf 77' lang='lat' dir='ltr'>licet</span> <span class='ocrx_word' id='word_1_253' title='bbox 606 4249 712 4315; x_wconf 76' lang='lat' dir='ltr'>invite</span> <span class='ocrx_word' id='word_1_254' title='bbox 735 4251 978 4334; x_wconf 88' lang='lat' dir='ltr'>adquievisset,</span> <span class='ocrx_word' id='word_1_255' title='bbox 996 4253 1058 4329; x_wconf 88' lang='lat' dir='ltr'>illi,</span> <span class='ocrx_word' id='word_1_256' title='bbox 1081 4253 1173 4318; x_wconf 89' lang='lat' dir='ltr'>facto</span> <span class='ocrx_word' id='word_1_257' title='bbox 1196 4255 1358 4319; x_wconf 91' lang='lat' dir='ltr'>continuo</span> 
     </span>
    </p>
   </div>
   <div class='ocr_carea' id='block_1_11' title="bbox 0 0 1588 5000">
    <p class='ocr_par' dir='ltr' id='par_1_11' title="bbox 0 0 1588 5000">
     <span class='ocr_line' id='line_1_40' title="bbox 0 0 1588 5000; baseline 0 3"><span class='ocrx_word' id='word_1_258' title='bbox 0 0 1588 5000; x_wconf 95' lang='lat' dir='ltr'> </span> 
     </span>
    </p>
   </div>
  </div>
 </body>
</html>
