3167 5000
405 466 471 531 lot
650 516 659 531 .
704 481 838 553 :orsus
860 480 1054 541 srxruxrr,

148 622 153 631 ’
244 659 384 719 spasmus·
408 636 478 723 quit
497 658 577 705 eum
597 632 663 703 ¹rex
685 638 809 704 suer'at·
823 646 1037 721 persecutus,
1059 647 1138 702 eum
1159 637 1233 701 suis
1254 635 1358 703 relin-

244 710 397 799 tibitibi&
408 760 529 823 quens,
545 740 710 804 aliorsum
730 739 961 803 turbationem
983 738 1198 805 excitaturus
1215 739 1356 810 §versute

246 813 349 858 ‘mmm'
409 840 606 916 diverteret,
639 859 701 903 rex
735 839 857 903 solitos
900 837 992 902 illius
1029 838 1064 901 in
1095 836 1214 902 eadem
1243 836 1358 921 patrii

245 957 360 1008 merus
401 958 575 1004 excursus
602 936 788 1023 prudenter
812 944 988 1003 attentans
1012 937 1188 1019 impedire,
1206 937 1247 1024 in
1269 938 1356 1001 loeis

245 1009 375 1059 withdrswr,

246 1058 331 1147 rreum
409 1038 612 1121 opportunis
634 1037 780 1102 castella
804 1037 1009 1110 construxit,
1032 1036 1278 1119 militibusque,
1293 1038 1356 1120 'qui

246 1112 356 1247 §iiiiii
405 1139 532 1221 ,patriae
562 1138 792 1220 perditoribus
819 1137 1032 1212 resisterent,
1055 1134 1361 1200 sufficienter'im-.
1401 1192 1407 1203 .

246 1218 290 1247 ¹¹¹⁰
306 1209 351 1249 ⁰⁶¹⁵
410 1238 544 1319 positis,
567 1237 610 1301 ud
634 1237 703 1300 ulia
725 1235 896 1319 explenda
917 1234 1017 1317 regni
1049 1236 1191 1317 negotiu
1212 1234 1281 1299 alid
1303 1237 1355 1299 di·

247 1354 376 1395 uturnae·
409 1338 525 1402 vertit
583 1335 906 1413 Gallridus'uutem,
931 1353 1012 1416 rege
1037 1334 1201 1411 discesso,
1226 1336 1263 1398 in
1283 1356 1355 1412 eos,

245 1404 360 1494 ffiiiin'
410 1456 499 1519 quos
520 1436 564 1501 ad
585 1455 623 1500 se
647 1434 876 1499 infestandum
898 1434 1097 1516 reliquerat,
1114 1454 1233 1498 omues
1253 1454 1356 1499 cona-

246 1504 373 1605 iiiid'u‘h
405 1537 510 1599 minis
540 1536 594 1599 sui
617 1536 707 1599 vires
735 1534 881 1616 impiger
911 1534 1076 1610 exercuit,
1103 1534 1237 1616 sibique
1264 1535 1357 1617 regis

410 1636 629 1711 adversariis,
645 1640 815 1716 quotquot
837 1654 856 1697 e
878 1633 1014 1697 diverso
1032 1631 1283 1710 confluxerunt,
1299 1652 1355 1698 so-

410 1736 523 1811 cistis,
546 1735 699 1815 Hugone
724 1752 874 1815 quoque,
894 1739 1122 1813 cognomento
1138 1733 1257 1814 Bigot,
1278 1734 1360 1798 viro

410 1834 549 1910 illustri,
570 1841 605 1898 et
618 1833 656 1896 in
675 1833 743 1896 illis
761 1833 917 1915 partibus
940 1832 1085 1914 potenti,
1100 1831 1165 1895 sibi
1182 1832 1356 1897 eonfoede·

408 1941 499 2011 rato,
517 1935 599 2015 quia
614 1934 738 2015 etipse
753 1933 850 2013 regni
871 1951 1002 2013 pacem,
1014 1932 1178 2013 'regisque
1192 1932 1354 1998 virtutem

410 2033 714 2110 instantissimum
729 2032 944 2113 praemissum
960 2039 1025 2107 est,
1037 2032 1211 2108 turbabat,
1221 2051 1356 2096 omnem

410 2134 557 2213 putrium
575 2139 676 2195 atrox
692 2133 831 2213 ubique,
848 2138 884 2195 et
901 2132 936 2193 in
954 2150 1089 2194 omnem
1106 2150 1239 2207 sexum,
1252 2141 1286 2196 et
1303 2153 1355 2196 or·

411 2231 524 2295 dinem
537 2232 676 2294 immitis
700 2231 895 2295 commovit.
922 2228 1053 2293 Verum
1069 2238 1252 2307 tantarum,
1268 2240 1356 2295 tam·

402 2351 478 2413 que
509 2332 707 2395 immanium
746 2330 1033 2412 persecutionum,
1065 2336 1136 2394 tam
1167 2330 1355 2395 crudelium

411 2450 560 2514 quoque,
587 2430 732 2514 quasin
757 2449 875 2493 omnes
903 2430 1082 2512 ingerebat
1109 2429 1355 2509 calamitatum,

404 2531 618 2615 justissimus
634 2530 772 2594 tandem
788 2537 964 2613 respector
974 2531 1081 2605 DeuS,
1098 2530 1241 2610 dignum
1258 2531 1356 2594 mali-

403 2631 469 2695 'tiae
482 2650 567 2708 suae,
578 2632 680 2694 finem
697 2630 872 2713 imposuit.
904 2628 998 2707 Quia
1013 2629 1094 2692 dum
1113 2629 1212 2693 nimis
1227 2630 1356 2708 audax,

248 2740 271 2778 1⁵
283 2740 398 2780 sumund-
410 2730 578 2813 nimisque
604 2730 794 2813 prudentiae
820 2748 893 2793 suae
917 2730 1066 2792 innitens
1093 2729 1196 2810 regiae
1221 2730 1358 2794 virtutis

246 2789 361 2888 {umqum
411 2830 554 2895 castella
568 2828 782 2912 frequentius
797 2829 1104 2911 circumstreperet,
1120 2830 1164 2891 ab
1179 2829 1263 2909 ipsis
1279 2835 1355 2893 tan-

248 2893 325 2980 333⁸,
338 2891 380 2930 Μὰ
411 2929 488 2992 dem
500 2930 673 3011 regalibus
685 2930 939 2992 circumventus
952 2928 1190 3010 prosternitur3
1209 2929 1357 3007 ateium,

412 3028 493 3090 dum
508 3031 652 3105 viveret,
670 3027 849 3096 ecclesiam
865 3027 1029 3103 confudit,
1046 3034 1174 3091 terram
1192 3029 1357 3104 turbavit,

338 3131 340 3142 '
412 3129 474 3205 sic,
497 3129 540 3192 ad
564 3149 641 3192 eum
666 3126 955 3202 confundendum,
969 3133 1044 3190 tota
1059 3125 1199 3208 Angliae
1221 3129 1355 3210 conspi-

414 3229 502 3293 ravit
524 3229 691 3304 ecclesia;
725 3227 807 3309 quia
835 3234 869 3291 et
890 3225 1119 3290 anathematis
1140 3227 1256 3307 gladio
1282 3215 1359 3309 per-

250 3346 365 3406 rmruer
412 3347 531 3392 cussus
555 3335 591 3391 et
613 3327 830 3392 inabsolutus
861 3327 1040 3404 abscessit,
1059 3333 1095 3390 et
1120 3332 1220 3390 terrae
1251 3327 1356 3390 sacri·

247 3397 377 3485 iiidimf
411 3425 526 3508 legum
541 3427 616 3490 d'ari
633 3448 701 3490 non
715 3426 822 3489 licuit.
1241 3500 1244 3503 ¹

249 3553 366 3594 rmrm.
463 3526 537 3589 Isto
551 3526 669 3606 itaque
685 3525 746 3588 tali
766 3525 867 3588 modo
884 3525 927 3588 ad
943 3532 1099 3588 extrema
1113 3525 1272 3613 deducto,
1288 3547 1357 3592 nox

249 3606 386 3704 {filliis
410 3625 584 3706 quaedam,
604 3631 640 3688 et
661 3624 780 3686 horror
802 3642 920 3686 omnes
943 3623 1035 3704 regis
1057 3623 1273 3688 adversarios
1294 3627 1358 3690 im·

411 3724 529 3805 plevit,
553 3725 680 3806 quique
704 3743 748 3786 ex
772 3722 982 3787 dissensione
1006 3742 1028 3785 a
1053 3722 1212 3787 Galfrido
1235 3725 1359 3790 exortis

411 3825 502 3906 regis
524 3825 680 3889 annisum
706 3823 855 3886 maxime
872 3822 1036 3886 infirmari
1058 3824 1240 3906 putabant,
1257 3845 1358 3903 nunc,

409 3925 452 3988 'eo
474 3924 665 4000 interfecto,
692 3922 898 4000 liberiorem,
917 3929 952 3986 et
973 3922 1018 3986 ad
1038 3943 1075 3986 se
1098 3926 1358 4006 perturbandos,

411 4031 449 4087 ut
471 4042 526 4087 res
546 4043 584 4086 se
601 4024 761 4098 habebat,
778 4023 1023 4105 expeditiorem
1040 4023 1114 4087 sore
1129 4023 1356 4102 aestimabant.

411 4123 487 4186 Nec
511 4129 626 4186 tamen
649 4131 686 4186 se
709 4142 730 4185 a
751 4122 892 4197 scelere,
909 4129 945 4186 et
958 4123 1146 4205 impietate,
1162 4121 1232 4204 qut
1253 4124 1359 4187 semel

409 4223 659 4298 imbuebantur,
698 4222 917 4304 aliquatenus
946 4223 1163 4298 cohibebunt,
1194 4223 1254 4287 sed
1285 4244 1357 4287 ma·
