3167 5000
387 469 432 535 28
693 479 807 529 onera
829 479 1023 542 srnrnanr,

224 673 350 713 anysway
377 648 478 718 tare,
493 649 529 705 et
543 639 744 725 cuicumque
766 639 905 704 domino
920 640 1050 705 vellent
1066 636 1242 704 adhaerere
1261 657 1339 723 per·

225 713 380 811 {llll‘il’llt
393 741 497 808 misit.
564 741 640 805 lllis
666 741 813 823 denique
849 729 1158 823 progredientibus,
1195 758 1341 823 corpora

225 814 295 903 ildlh
297 813 381 906 ga„
391 840 605 922 singulorum
636 840 801 918 marcida,
824 841 995 922 siccaque,
1024 839 1083 903 siti
1108 839 1242 904 videres
1268 842 1341 904 lan-

392 941 545 1022 guentia,
561 941 729 1022 citiusque
753 940 798 1004 ad
819 938 1043 1004 hauriendum
1062 939 1215 1025 cujusvis
1237 959 1340 1022 gene·

391 1041 438 1103 ris
451 1040 624 1123 poculum,
639 1037 744 1122 qnam
760 1039 803 1104 ad
819 1040 996 1122 quodlibet
1010 1039 1218 1121 explendum
1234 1060 1341 1122 nego·

391 1139 481 1203 oium
497 1140 626 1222 egressi
640 1141 883 1223 properabant.

226 1260 322 1300 aurun
333 1261 380 1302 ne
442 1238 596 1304 Audiens
612 1239 803 1304 Baldvinus
822 1258 938 1320 regem
956 1237 1177 1321 superiorem,
1192 1257 1340 1320 quaeque

224 1311 375 1410 ²313?th
392 1339 592 1420 possederat
614 1339 651 1401 in
673 1357 796 1402 manus
815 1338 910 1401 illius
931 1338 1085 1416 cessisse,
1109 1345 1254 1402 nonest
1277 1339 1337 1401 de·

391 1446 561 1520 speratus,
574 1457 637 1502 nec
653 1439 767 1502 anim0
782 1438 924 1515 fractus,
936 1436 1006 1516 sed,
1017 1437 1147 1502 viribus
1156 1438 1339 1520 reparatis,

391 1537 435 1601 ad
461 1546 589 1603 terram
616 1557 714 1602 suam
746 1537 788 1600 de
813 1537 924 1615 wiht,
953 1536 1131 1600 rebellium
1161 1544 1197 1601 et
1226 1536 1338 1601 adhuc

224 1657 356 1749 wgo
390 1639 615 1715 excitaturus,
631 1657 669 1701 se
684 1643 796 1700 totum
805 1637 985 1700 convertit.
1037 1636 1100 1700 Est
1115 1643 1230 1700 autem
1239 1637 1339 1701 Wiht

227 1719 306 1808 walt.
331 1710 375 1748 ⁰⁰¹
389 1737 503 1801 insula
545 1738 689 1814 marina,
733 1735 956 1817 longitudinis
995 1753 1119 1818 capax,
1156 1735 1339 1800 latitudine

388 1837 520 1913 stricta,
536 1844 720 1901 nautarum
734 1836 937 1900 excursibus
949 1835 1178 1917 frequentata,
1192 1836 1337 1918 piscium

389 1936 579 2014 abundans,
594 1936 749 2017 frugibus
771 1935 981 2010 iniucunda,
996 1941 1073 1998 tota
1088 1934 1158 1999 fere
1178 1936 1214 1997 in
1230 1935 1337 1999 Bald-

388 2036 460 2100 vini
474 2044 601 2101 sortem
626 2055 670 2098 ex
685 2035 894 2117 patrimonio
915 2034 1054 2110 collata,
1068 2035 1159 2098 inter
1173 2032 1336 2116 Angliam

388 2143 423 2203 et
449 2134 712 2212 Normanniam,
745 2135 806 2199 sed
837 2133 975 2216 Angliae
1003 2133 1229 2217 propinquius
1257 2135 1335 2199 sita.

389 2233 432 2300 In
448 2234 512 2299 hac
525 2235 616 2298 idem
638 2234 818 2298 castellum
829 2233 994 2311 habebat,
1016 2234 1233 2298 ornatissimo
1247 2233 1337 2317 lapi-

387 2334 468 2398 dum
486 2335 629 2399 aedificio
656 2341 901 2410 constructum,
923 2333 1133 2398 validissimo
1150 2335 1337 2397 munimine

387 2433 571 2512 firmatum,
594 2455 638 2499 ex
668 2453 749 2517 quo,
772 2433 927 2498 collectis
955 2433 991 2496 in
1016 2433 1218 2496 immensum
1239 2435 1335 2497 navi·

387 2535 483 2614 gium
508 2536 641 2618 piratis,
663 2535 794 2617 regiam
817 2541 1025 2616 potestatem
1056 2532 1229 2597 infirmare
1259 2540 1335 2597 ten-

386 2636 504 2709 tabat3
532 2634 720 2717 flatumque
740 2633 783 2697 ad
814 2651 950 2697 omnem
975 2639 1129 2715 paratus,
1145 2641 1181 2699 et
1204 2652 1335 2698 merca·

386 2740 479 2798 tores
499 2734 590 2799 inter
612 2732 789 2815 Angliam,
804 2740 840 2798 et
860 2732 1109 2798 Normanniam
1126 2732 1336 2797 velificantes

386 2833 601 2915 intercipere,
628 2841 663 2898 et
693 2834 849 2914 utrisque
880 2833 990 2910 terris,
1021 2851 1236 2914 quocumque
1258 2832 1335 2895 nisu

387 2940 516 3013 posset,
542 2932 735 2996 molestiam
764 2932 890 2995 inferre
918 2932 1119 2999 desudabat.
1182 2930 1249 2995 Sed
1271 2951 1334 2995 rex

387 3029 586 3115 stropham*
617 3031 709 3097 illius
742 3032 967 3113 praeveniens,
1000 3031 1181 3095 castellum
1212 3031 1335 3095 Esoni-

389 3150 482 3195 ense·
496 3150 573 3196 cum
601 3131 782 3216 adjacente
807 3129 985 3214 provincial
1007 3130 1044 3194 in
1069 3130 1220 3213 episcopi
1236 3131 1336 3195 Win-

389 3232 553 3296 toniensis
570 3230 791 3313 dispositione
807 3231 1012 3313 relinquens,
1023 3230 1231 3294 Baldvinum
1246 3229 1334 3294 cele-

223 3346 337 3397 Thefflnr
389 3330 472 3395 riter
499 3330 564 3395 fuit
590 3332 805 3395 subsecutus.
857 3330 1078 3412 Veniensque
1109 3331 1153 3394 ad
1185 3337 1335 3412 portum,

222 3398 378 3488 lbldl'dll.
390 3430 450 3510 qui
462 3428 627 3494 vocatur2
640 3430 831 3506 Hamtona,
846 3450 888 3494 eo
903 3429 994 3512 qubd
1010 3436 1100 3493 esset
1114 3429 1236 3493 insulae
1253 3449 1335 3493 con-

222 3501 518 3638 ffigrl‘r'l'lhffir-tiguus
555 3548 762 3611 accessuque
798 3528 942 3605 facilior,
978 3528 1121 3593 classem
1157 3528 1222 3593 sibi
1258 3547 1336 3591 cum

221 3608 308 3687 anm
360 3618 370 3631 ⁸
389 3628 536 3692 nauticis
556 3628 792 3692 instrumentis
814 3636 935 3710 aptare
951 3630 1139 3712 praecepit:
1163 3626 1242 3691 cunr
1257 3647 1337 3691 ecce

389 3726 591 3807 Baldvinus,
612 3728 656 3791 de
678 3726 770 3791 illius
792 3727 944 3793 adventu
964 3734 1036 3791 tam
1060 3727 1175 3791 subito
1196 3734 1337 3809 tamque

420 3956 705 4022 ¹‘Stropha'proeaicb
720 3961 847 4010 conversi·
871 3962 959 4011 ulenta
982 3964 1008 4011 et
1033 3959 1196 4009 ludificabilis
1224 3960 1336 4009 fallacia.

385 4042 457 4079 onem
475 4027 759 4091 significatqubetiam
773 4035 848 4080 utun-
873 4031 914 4083 Oi.
933 4031 1042 4091 Gesner,
1064 4030 1091 4079 in
1109 4044 1135 4080 r.
1180 4028 1267 4093 Vulgo
1293 4027 1337 4081 hic

385 4103 427 4147 tur
436 4098 556 4148 animalia
572 4103 598 4147 et
608 4099 720 4149 homines
735 4098 794 4149 crim
811 4101 848 4149 el·
873 4099 1075 4163 ‘artfuldodga'

384 4168 471 4229 fugere
485 4169 525 4218 vel
542 4169 721 4218 circumvenire
737 4170 848 4231 aliquem

384 4237 479 4291 volunt.
503 4238 850 4301 Hine‘strophe'estiruud-
908 4234 919 4267 ²
934 4238 1089 4304 Hamptona,
1100 4237 1290 4302 Soutbampton.
