3167 5000
431 473 476 537 82
746 486 861 534 ossus
887 485 1081 545 suarum,

434 635 601 719 gregariis
629 634 776 717 plurimo
806 653 873 697 aere
902 632 1090 707 conductis,
1120 630 1165 693 ad
1194 648 1255 695 eos
1285 636 1385 693 extra

142 768 155 793 »
271 762 407 808 meeum,
434 737 607 800 civitatem
632 732 846 798 infestandos
874 738 949 797 toto
973 732 1049 795 nisu
1078 729 1266 794 contendit.
1316 728 1385 791 Sed

271 813 471 910 dllll‘ltllet
494 835 614 915 regina
639 852 718 897 cum
744 832 870 895 eximio
895 830 1117 895 militantium
1141 830 1277 905 robore,
1292 846 1385 890 cum-

271 911 402 1009 little?
436 953 504 1015 que
538 930 667 997 invicta
703 929 994 995 londoniensium
1029 924 1181 1003 caterva,
1218 927 1290 1007 qui,
1312 925 1385 991 fere

272 1010 384 1059 mm
436 1032 542 1108 mille,
561 1052 640 1096 cum
663 1030 783 1111 galeis,
799 1036 835 1093 et
858 1028 972 1092 loricis
992 1025 1208 1091 ornatissime
1229 1025 1386 1089 instructi

437 1136 679 1205 convenerant,
704 1127 849 1191 interius
870 1127 1065 1191 obsidentes
1087 1123 1303 1189 vivacissime
1324 1140 1386 1187 ex-

436 1227 555 1306 terius,
578 1235 613 1293 et
638 1225 875 1292 ardentissime
899 1225 1089 1289 obsidebat.
1142 1223 1325 1287 Habuerat
1350 1231 1385 1287 et

437 1346 499 1390 rex
513 1345 672 1409 proceres
694 1326 818 1390 secreti
838 1325 894 1389 sui
909 1322 1051 1407 privos‚¹
1066 1319 1271 1406 privataque
1287 1321 1386 1385 fami-

436 1425 586 1491 liaritate
617 1426 683 1490 sibi
715 1423 979 1509 conjunctiores,
1008 1442 1077 1487 nou
1112 1421 1250 1502 quidem
1286 1422 1387 1484 terris

438 1525 675 1606 amplificatos,
713 1524 773 1587 sed
810 1523 847 1587 in
878 1522 1001 1587 castris
1036 1528 1172 1584 tantum
1205 1527 1384 1594 merentes,

437 1642 583 1703 quorum
608 1622 780 1704 digniores
803 1620 941 1685 suerunt
961 1620 1133 1702 Rogerius
1158 1619 1201 1683 de
1224 1618 1387 1696 Gasneto,

437 1728 472 1786 et
486 1721 682 1786 Willelmus
705 1720 812 1785 frater
825 1719 929 1795 illius,
944 1719 1009 1783 viri
1030 1719 1191 1795 bellaces,
1214 1717 1387 1799 nullisque

437 1819 577 1885 militari
601 1816 781 1894 industria,
796 1818 852 1883 vel
877 1815 1000 1900 qudvis
1026 1818 1195 1899 probitate
1224 1817 1386 1895 secundi3

438 1918 509 2000 qui,
524 1925 627 2001 capto
650 1937 743 1999 rege,
757 1917 859 1981 fidem
879 1923 995 1981 minen
1016 1916 1048 1980 ei
1069 1916 1294 1997 indisruptam
1314 1935 1387 1979 ser-

437 2024 570 2093 vantes,
585 2017 783 2081 intestinum
799 2015 954 2098 ejusdem
968 2014 1171 2080 adversariis
1190 2033 1338 2095 semper,
1351 2021 1387 2078 et

439 2116 577 2196 ubique,
592 2114 743 2179 habuere
758 2112 966 2178 conflictum.
1004 2113 1160 2196 Cumque
1175 2113 1280 2177 ceteri
1295 2114 1387 2193 regis
1406 2184 1409 2189 ,

439 2212 603 2289 fautores,
628 2213 672 2278 ad
699 2212 854 2297 ejusdem
883 2212 1098 2277 adversarios
1127 2212 1389 2293 expugnandos,

441 2310 592 2376 Ventum
633 2312 807 2376 civitatem
842 2310 1101 2387 confluxissent,
1137 2317 1173 2375 et
1206 2311 1285 2393 ipsi,
1307 2330 1387 2373 cum

440 2408 689 2476 accinctissima
714 2410 873 2489 militum,
899 2416 934 2475 et
957 2410 1207 2491 sagittantium,
1233 2409 1384 2487 cohorte,

440 2530 485 2574 ex
498 2508 570 2574 uns
584 2529 642 2575 eos
658 2511 807 2575 civitatis
825 2511 964 2591 regione
986 2509 1205 2574 infestissime
1219 2509 1388 2590 degrava-

438 2610 534 2675 bant.
588 2609 699 2674 Facta
724 2616 776 2673 est
797 2617 914 2674 autem
935 2609 983 2673 ibi
1005 2608 1174 2684 miranda,
1194 2608 1388 2689 nostrisque

439 2707 564 2774 seculis
583 2708 739 2774 inaudite
753 2708 897 2773 obsidio.
936 2706 1030 2786 Quia
1050 2706 1132 2770 edm
1156 2713 1231 2806 tqte
1245 2705 1387 2788 Anglia,

439 2825 517 2870 cum
532 2807 731 2888 inopinabili
750 2814 881 2871 exterae
903 2806 1015 2888 gentis
1037 2803 1224 2882 affluentia,
1238 2805 1309 2869 illio
1323 2826 1388 2869 un·

439 2905 630 2986 decumque
651 2905 857 2980 coadunata,
872 2924 952 2969 cum
973 2905 1078 2969 armis
1095 2905 1261 2980 affuisset,
1281 2905 1331 2969 sic
1352 2906 1389 2968 in

437 3001 583 3066 invicem
613 3003 777 3068 contrarii
812 3003 1038 3080 habebantur,
1068 3011 1106 3068 ut
1142 3003 1203 3085 qui
1237 3004 1390 3086 episcopi

331 3095 361 3126 ⁶⁸·
438 3101 618 3167 castellum
634 3099 807 3166 exterids¹
823 3102 1035 3177 obsidebant,
1046 3102 1199 3184 etipsi,a
1214 3103 1388 3184 regalibus

438 3199 590 3266 exterius
612 3201 826 3266 strictissime
848 3201 1104 3277 obsidebantur,
1118 3220 1295 3282 nunquam
1314 3202 1389 3266 sine

438 3299 614 3364 hominum
628 3301 792 3382 periculo,
805 3319 981 3382 nunquam
994 3300 1069 3364 siue
1083 3301 1262 3380 utriusque
1274 3301 1388 3382 gentis

438 3399 694 3479 quammaximo
715 3399 929 3464 detrimento.
983 3398 1034 3463 Ut
1048 3399 1138 3463 enim
1159 3398 1203 3462 de
1224 3399 1388 3463 militibus

437 3496 610 3572 reticeam,
639 3497 699 3576 qui
727 3497 762 3559 in
790 3496 992 3578 quotidiano
1029 3497 1193 3562 conflictu
1221 3517 1313 3562 nuno
1342 3517 1387 3561 ex

437 3593 502 3657 bac
517 3601 626 3675 parte,
642 3613 733 3660 nunc
749 3615 795 3658 ex
809 3593 870 3660 illa
885 3596 1182 3678 capiebantur,vel
1195 3597 1267 3676 qui,
1277 3596 1389 3660 diver-

437 3693 485 3755 sis
499 3694 622 3774 agitati
639 3693 787 3769 cosmus,
801 3694 944 3758 diversis
959 3695 1068 3759 modis
1083 3696 1385 3777 extinguebantur,

437 3792 600 3856 nonmdla
626 3791 695 3856 alia
716 3793 934 3874 contigemmt
947 3794 1183 3872 incommoda3
1207 3793 1289 3874 quia
1304 3794 1386 3857 dum

436 3890 487 3953 illi
509 3891 553 3954 ad
569 3891 721 3972 episcopi
742 3893 965 3957 obtinendum
986 3892 1166 3956 castellum
1184 3899 1271 3971 arte,
1286 3900 1321 3956 et
1335 3893 1388 3956 in-

437 3989 537 4069 genio
552 3989 814 4068 contendebant,
832 3988 928 4075 (illi,)
943 3991 1003 4073 qui
1016 3991 1110 4054 intus
1124 3990 1390 4055 recludebantur

436 4087 572 4167 ignibus
597 4088 689 4151 foras
719 4089 850 4152 emissis
879 4089 1043 4173 maj0rem
1067 4090 1217 4153 civitatis
1242 4097 1388 4172 partem,

613 4234 620 4263 ¹
638 4237 784 4301 Duebesne,
796 4236 924 4300 ‘primos’
1081 4237 1092 4268 ²
1108 4239 1225 4290 interius.
