3167 5000
530 495 636 543 nncrs
659 467 877 544 nncnonun.
1131 483 1174 545 57

218 650 379 717 sentienti
405 651 547 714 dubium
570 658 716 726 constat,
740 658 774 715 et
796 670 936 732 prorsus
965 651 1173 729 incredibile,

220 758 259 814 ut
290 750 396 813 frater
421 751 519 830 regni
555 750 696 812 fraterni
725 751 918 814 invasorem
948 771 1026 814 cum
1055 754 1173 816 osculo

219 851 419 931 susciperet,
434 868 580 930 eumque
595 868 618 912 a
632 868 696 912 suo
711 857 895 930 prospectu
917 851 962 913 ad
977 870 1121 931 regnum
1136 854 1173 914 in

220 949 359 1012 fratrem
375 946 516 1029 gravide
531 948 801 1060 promovendum
814 947 961 1012 illaesum
975 949 1172 1014 dimitteret.

221 1047 413 1130 Episcopus
446 1048 576 1129 itaque,
605 1047 706 1128 quasi
731 1048 855 1110 comite
883 1068 953 1111 non
977 1055 1172 1125 consecuto,
1185 1068 1293 1108 somene

221 1166 300 1210 cum
326 1143 435 1210 multa
459 1147 668 1228 equestrium
697 1147 881 1210 ambitione
910 1166 1026 1226 regem
1055 1147 1173 1211 adivit
1186 1119 1266 1207 {1¹31st
1231 1119 1304 1167 ¹¹¹⁸

222 1245 379 1327 Cumque
413 1245 708 1310 animadvertisset
743 1264 860 1325 regern
891 1246 936 1308 ad
965 1245 1175 1310 obsidionem

220 1345 440 1424 ingerendam
455 1345 606 1410 animum
621 1341 831 1419 obfirmasse,
846 1344 967 1409 inutile
981 1345 1016 1407 id
1032 1352 1067 1409 et
1081 1346 1174 1408 inac-
1202 1338 1208 1343 '⁸

221 1450 358 1524 ceptum
377 1451 449 1506 tam
471 1444 548 1520 sibi,
569 1439 673 1524 quam
690 1451 797 1523 regno
815 1443 864 1506 ait
886 1463 960 1507 esse
984 1442 1174 1510 consilium.

222 1541 260 1607 Si
283 1543 373 1604 enim
399 1562 442 1605 ex
469 1539 541 1605 unit
561 1539 699 1620 Angliae
725 1541 864 1621 regione
887 1540 1175 1622 Andegavensem

223 1641 433 1704 comitissam
459 1640 613 1704 obsidere
639 1638 846 1720 disponeret,
871 1659 1054 1758 germanus
1082 1641 1175 1705 illius

223 1739 268 1802 ad
282 1760 426 1821 regnum
446 1738 716 1820 perturbandum
739 1757 785 1801 ex
812 1736 881 1804 alie
907 1737 1012 1820 quam
1031 1739 1175 1804 festinus

219 1845 320 1919 parte
341 1840 555 1918 insurgeret;
578 1837 723 1918 ideoque
746 1837 935 1901 consultius
956 1839 1023 1902 sibi
1040 1858 1126 1915 esse,
1141 1847 1176 1903 et
1187 1856 1221 1895 110
1229 1868 1276 1906 rer

1115 1939 1122 1952 ,
1187 1907 1253 1945 suade
1254 1907 1311 1946 etho

223 1957 336 2020 regno
354 1937 538 2012 salubrius,
554 1937 622 2002 ut
612 1955 723 2017 ipsam
746 1935 790 1998 ad
813 1935 954 2001 fratrem
976 1936 1091 2000 damni
1112 1958 1175 2000 nn·
1188 1956 1298 2044 {perge

224 2055 361 2099 munem
384 2036 546 2148 progredi
571 2035 794 2116 permitteret,
819 2036 981 2115 quatinus
1010 2038 1281 2100 ambobuscoumt
1282 2061 1323 2094 ιο

224 2154 302 2198 cum
318 2127 447 2199 viribus
470 2135 541 2197 suis
563 2135 599 2196 in
619 2133 733 2196 locum
748 2152 854 2196 unum
870 2134 1028 2211 redactis
1044 2143 1079 2199 et
1093 2135 1176 2199 faci·
1186 2105 1269 2244 dipl
1263 2117 1319 2194 ine

211 2232 289 2306 ,liis
313 2234 358 2298 ad
383 2253 501 2297 eorum
524 2232 729 2295 cassandum
752 2239 913 2296 conatum
927 2234 1127 2310 intenderet,
1143 2204 1232 2298 et13⁸1

224 2333 268 2399 ad
293 2351 352 2396 eos
381 2331 522 2413 gravibs
552 2332 779 2412 insequendos
812 2351 891 2399 cum
920 2333 1077 2396 omnibus
1105 2335 1178 2396 suis

224 2429 419 2513 expeditids
448 2438 548 2494 esset.
612 2430 714 2493 Datis
743 2430 849 2511 igitur
878 2431 1019 2506 dextris,
1050 2437 1084 2494 et
1112 2434 1177 2496 sub

219 2530 446 2613 jurejurando
470 2529 620 2612 acceptis
649 2530 805 2605 induciis,
830 2529 873 2592 ad
903 2529 1043 2593 fratrem
1072 2534 1176 2594 corni·

224 2630 344 2693 tissam
369 2629 526 2694 secedere
552 2630 725 2711 permisit:
749 2627 847 2692 tanto
867 2628 1008 2690 liberibs
1034 2648 1093 2692 eos
1115 2651 1176 2693 ex·

224 2747 379 2810 pugnare
401 2727 585 2803 confidens,
609 2727 771 2808 quando
761 2747 799 2789 ιιι
813 2745 918 2789 unam
934 2727 1083 2807 regionis
1097 2747 1176 2810 par-

224 2834 294 2890 tem
320 2828 421 2890 ambo
446 2826 699 2907 redigebantur.
753 2824 812 2888 Illi
835 2824 981 2906 denique
1005 2825 1287 2930 Bristoamvng
1223 2843 1296 2881 ernal

226 2926 426 2995 adventanti
448 2944 565 2988 ornnes
588 2925 684 3003 regni
706 2925 851 2987 barones
868 2923 1055 2988 adventurn
1077 2942 1177 2988 suum
1190 2892 1341 3030 ffissl¹⁸⁰⁸⁸

225 3024 424 3100 certificare,
454 3030 493 3087 ut
522 3024 570 3085 eis
599 3021 764 3086 intentids
793 3023 1013 3087 subvenirent
1046 3023 1114 3105 pie,
1144 3034 1179 3088 et

224 3122 416 3206 lacrymose
452 3122 646 3203 deposcere,
683 3120 751 3184 illis
788 3123 911 3188 exenia
947 3121 1073 3198 danda,
1102 3125 1178 3187 istis

225 3222 355 3303 praedia
388 3220 628 3303 amplificanda
660 3220 878 3301 promittere3
911 3221 1068 3283 omnibus
1098 3222 1179 3286 verd

220 3328 328 3402 prout
342 3325 478 3402 poterat
492 3318 648 3380 omnibus
664 3318 851 3380 commodis
867 3318 911 3379 ad
926 3324 1044 3381 votum
1059 3338 1178 3382 occur·

225 3439 310 3483 rere.
365 3418 493 3481 Omnes
519 3418 636 3496 itaque
665 3416 802 3479 illorum
831 3416 994 3492 fautores,
1017 3418 1076 3498 qui
1104 3419 1293 3532 regipneym

226 3526 339 3593 antea,
360 3516 438 3580 ficte
460 3525 575 3579 tamen
599 3521 635 3583 et
658 3514 776 3578 dolose
799 3514 1049 3591 deserviebant,
1075 3524 1177 3599 rupto
1187 3485 1311 3583 mili-li>

221 3616 420 3699 juramenti,
444 3623 479 3679 et
492 3614 633 3677 hominii
647 3614 786 3691 foedere,
803 3614 895 3695 quod
917 3616 949 3677 ei
963 3615 1177 3696 pepigerant,
1189 3589 1277 3633 mm

227 3716 271 3786 ad
294 3716 371 3779 illos
394 3714 694 3789 convertebantur,
710 3713 953 3795 conjunctique
968 3733 1037 3775 uno
1052 3714 1177 3788 animo,

227 3812 298 3877 una
313 3822 347 3878 et
361 3814 612 3894 conspiratione
627 3811 671 3873 ad
687 3811 920 3873 obsistendum
935 3812 1009 3889 regi
1025 3812 1177 3886 animati,

227 3910 520 3977 vehementissime
535 3912 570 3974 iu
585 3929 663 3973 eum
678 3910 806 3990 ubique
821 3907 1019 3970 irruebant.¹

263 4079 329 4130 ¹cf.
353 4078 422 4126 will.
441 4078 470 4125 of
486 4076 606 4125 Malmsb.
632 4079 689 4123 ⁷24.
715 4074 800 4123 march
824 4079 850 4122 to
870 4074 963 4122 Bristol
984 4089 1027 4122 are
1047 4076 1121 4135 given
1143 4076 1177 4135 by

226 4150 321 4197 Robert
334 4147 434 4196 arrived
453 4147 479 4194 in
492 4144 609 4207 England
629 4144 689 4204 Sep·
715 4144 828 4191 William
836 4144 865 4192 of
870 4144 1038 4204 Malmsbury,
1045 4144 1103 4191 who
1112 4159 1178 4192 com-

226 4219 356 4268 temberl.
384 4216 438 4265 The
449 4216 601 4277 particulare
613 4213 642 4263 oi
650 4213 690 4263 his
714 4226 788 4274 pares
799 4212 851 4261 him
863 4218 889 4261 to
900 4214 987 4262 Julius
998 4212 1094 4262 Caesar.
