3167 5000
514 503 619 598 arms
646 501 861 551 suetonum
1123 484 1167 548 19

213 657 316 737 Quod
331 659 393 722 et
383 677 459 741 1pse
483 660 583 724 hilari
598 660 748 743 quidem,
764 658 801 725 et
821 658 993 728 arridente
1008 659 1135 725 vultu
1125 680 1160 722 m
1174 675 1323 724 meremor

1173 725 1232 764 Rbeo
1207 725 1293 764 bertior

211 759 316 822 euriae
333 766 520 842 conspectu
537 761 727 834 concessit;
767 761 861 824 sed
851 781 886 825 m
904 761 1020 824 animo
1041 758 1161 824 dolose
1170 775 1279 866 mour
1287 775 1321 815 m

213 859 386 936 versabat,
409 859 580 941 quomodo
603 866 638 925 et
662 859 756 941 regis
772 859 900 923 milites
926 859 1100 936 seducere,
1126 867 1161 924 et

212 976 291 1038 quae
305 959 435 1040 proprii
450 959 650 1040 possidebat
662 959 752 1042 juris
764 966 883 1041 posset
897 959 1056 1023 retinere.
1072 959 1162 1023 Cum

212 1056 322 1138 igitur
348 1058 385 1121 in
412 1058 535 1122 itinere
558 1059 689 1139 pariter
714 1059 900 1140 progressi,
921 1058 966 1122 ad
990 1058 1189 1140 quandam·

211 1156 322 1238 ipsius
348 1147 494 1221 Roberti
518 1158 637 1222 villam
657 1157 855 1239 hospitandi
873 1155 987 1238 gratia
1003 1158 1163 1221 divertis-

212 1263 303 1342 sent,
327 1257 401 1339 ipso
423 1258 579 1322 Roberto
601 1257 688 1321 duce
711 1258 862 1335 illorum,
891 1264 927 1320 et
950 1257 1163 1340 praeambulo

212 1355 395 1432 existente,
413 1375 533 1421 omnes
556 1355 678 1420 domils
696 1375 769 1420 suae
792 1355 969 1421 ministros
986 1357 1022 1419 in
1043 1376 1161 1420 eorum

213 1457 465 1538 susceptionem
496 1463 676 1537 gratanter
706 1457 890 1532 excitavit,
914 1456 1162 1540 splendidoque

212 1555 390 1668 epularum
422 1563 594 1638 apparatu
624 1555 779 1620 omnibus
799 1555 935 1620 abunde
956 1555 1161 1633 convivetis,

215 1655 295 1720 vino
310 1655 414 1718 etiam
430 1656 637 1736 largissimo,
649 1662 685 1720 et
698 1674 818 1719 somno
835 1658 871 1719 in
883 1653 985 1719 nocte
1002 1654 1160 1736 sepultis,
1229 1673 1232 1679 ’

211 1753 286 1836 ipse
316 1773 443 1837 equum
473 1756 661 1818 ascendens
687 1756 731 1819 ab
755 1755 805 1818 eis
838 1753 976 1818 furtive
988 1755 1156 1818 discessit
1148 1768 1326 1866 ,neumega

212 1873 343 1935 suoque
365 1854 550 1936 municipio
566 1861 687 1918 contra
707 1873 822 1935 regem
840 1852 943 1918 valde
965 1803 1301 1959 obfirmatofiffartri‘e'fflffif

213 1972 305 2016 nunc
321 1954 400 2030 huc,
417 1974 508 2018 nunc
519 1955 614 2030 illue,
631 1973 693 2036 per
709 1954 840 2016 incerta
853 1953 999 2018 latibula
1015 1973 1160 2034 vagans,
1170 1930 1181 1958 ⁸
1192 1930 1243 1968 ¹⁰⁰⁸
1258 1930 1271 1958 ⁰

213 2053 420 2135 quandbque
445 2054 549 2117 etiam
581 2073 658 2117 cum
691 2053 783 2135 regis
810 2053 956 2116 inimicis
993 2052 1159 2117 adversus

214 2171 291 2216 eum
316 2153 533 2217 inimicanter
559 2171 678 2234 agens,
701 2153 873 2216 horrendo
897 2153 1035 2217 tandem
1061 2154 1159 2216 exitu
1170 2166 1212 2208 11¹·
1221 2167 1292 2207 reatu

212 2253 303 2315 inter
329 2259 512 2316 extraneos
529 2253 714 2334 expiravit.
766 2251 834 2316 Sed
853 2251 945 2334 regis
970 2252 1097 2316 milites
1122 2253 1159 2316 in

214 2352 366 2416 crastino
396 2352 642 2434 expergefacti,
665 2359 706 2415 ut
721 2351 945 2416 consodalem·
961 2359 1033 2415 tam
1050 2352 1161 2432 negli-

213 2458 337 2534 genter
345 2451 508 2517 amissum
526 2453 763 2529 adverterunt,
774 2450 959 2535 plurimdm
975 2451 1018 2515 de
1031 2451 1160 2516 disces·r

213 2552 310 2617 sione
327 2552 420 2615 illius
437 2552 584 2629 confusi,
598 2554 687 2616 siout
702 2554 777 2615 sine
795 2552 1022 2628 Roberto,ita
1034 2559 1070 2616 et
1084 2553 1159 2616 sine

213 2652 404 2727 honore,ad
417 2653 547 2716 curiam
560 2652 745 2717 redierunt.
770 2652 926 2716 Audiens
939 2651 1085 2733 denique
1096 2672 1159 2715 rex·
1170 2664 1297 2755 ffiggo

213 2752 455 2816 seditionem
425 2771 518 2817 crroa
528 2752 797 2817 Batthentouam
809 2771 885 2815 esse
893 2759 1050 2815 exortam
1053 2751 1160 2827 ,(mu-
1171 2766 1234 2804 Rath

213 2851 343 2934 nicipes
362 2871 511 2936 namque
523 2852 692 2916 Roberti
683 2871 774 2934 rgne,
788 2858 825 2915 et
839 2849 962 2934 rapina
978 2852 1160 2914 saevientes

214 2970 369 3015 escarum
394 2971 495 3015 omne
522 2952 736 3033 suffragium,
757 2950 895 3016 ,viribus
921 2950 1160 3034 undecumque

213 3051 320 3115 illatis
345 3052 528 3133 direptum,
545 3052 582 3115 in
601 3052 781 3116 castellum
795 3048 1045 3134 congerebant)
1061 3049 1164 3133 pulsi

214 3151 372 3233 protinus
400 3151 576 3229 dilatione,
604 3151 738 3235 potenti
763 3170 842 3214 cum
867 3157 1077 3213 armatorum
1103 3169 1162 3213 ex

213 3251 387 3332 peditione
420 3251 503 3313 illuc
531 3250 686 3315 tetendit
738 3249 819 3329 Qud
849 3248 927 3313 edm
959 3257 1161 3332 perventum
1173 3264 1318 3353 Thtehsrereof

215 3358 319 3427 esset,
352 3348 431 3412 fixis
463 3351 555 3413 circa
587 3350 768 3413 castellum
802 3349 938 3423 cestrie,
965 3349 1162 3429 sagittariis

215 3450 320 3513 etiam
352 3449 395 3513 ad
429 3450 669 3514 excubandum
691 3456 794 3513 nocte
819 3448 1008 3530 dispositis,
1024 3447 1104 3511 aliis
1118 3450 1163 3513 ad

214 3549 445 3613 insidiandum
474 3549 509 3612 in
540 3549 594 3612 die
626 3549 804 3626 ordinatis,
827 3549 872 3612 ad
910 3548 1164 3631 expeditionem

216 3657 477 3731 perseveranter
493 3649 704 3713 inferendam
725 3669 788 3712 rex
804 3667 883 3713 cum
901 3648 993 3712 omni
1009 3648 1163 3710 exercitu

217 3748 362 3812 viriliter
378 3768 415 3811 se
435 3749 597 3812 accinxit.
629 3748 707 3813 Nee
722 3768 831 3825 mora,
846 3747 928 3810 dum
944 3747 1164 3810 excubitores

103 3842 110 3850 “
215 3847 382 3912 intentius
410 3855 627 3929 pernoctant,
662 3848 824 3912 miserum
860 3844 1104 3909 homunculum
1143 3864 1165 3907 a

217 3966 314 4011 muro
326 3946 720 4029 demissum,sngamqne
735 3944 972 4011 consulentem
986 3949 1164 4026 ceperunt,

216 4046 438 4127 oblatumque
465 4048 540 4128 regi
561 4047 599 4109 ia·
624 4047 775 4111 omnium
804 4063 945 4108 suorum
962 4044 1072 4107 oculis
1094 4042 1165 4107 alte

216 4146 487 4229 suspenderunt3
513 4166 593 4227 rege
612 4145 815 4221 affirmante,
837 4143 900 4208 tali
917 4163 1034 4208 omnes
1057 4143 1165 4206 exitio

217 4245 421 4327 puniendos,
436 4246 472 4311 ni
493 4245 643 4328 jussioni
653 4233 732 4308 ¹suae
745 4244 871 4308 festine
890 4244 1164 4326 adquiescentes,

976 4366 991 4401 c
1008 4357 1024 4402 2
