3167 5000
425 462 469 524 64
729 474 851 523 ensra
878 472 1070 533 srsrnam,

262 658 405 719 canorae..
425 633 556 709 stratis,
579 630 689 713 usque
712 632 756 694 ad
783 630 907 694 insulae
934 630 1028 711 ripas
1053 628 1229 711 dirigeret.
1283 628 1376 705 Rex,

261 710 366 799 ἷῗιῖἷῗοῑ
425 752 493 795 non
533 732 711 794 minimum
744 731 899 811 gavisus,
933 748 1021 810 opus
1058 735 1272 793 maturanter
1302 728 1376 791 fieri

424 830 602 913 praecepit,
614 830 823 911 tandemque
835 826 901 892 boc
915 827 1016 891 modo
1029 834 1136 909 ponte
1150 846 1256 910 super
1269 846 1377 891 naves

424 927 604 1011 ingeniose
631 935 844 1003 constructo,
857 946 968 1010 usque
989 926 1034 989 ad
1051 926 1233 991 ulteriores
1253 927 1376 990 insulae

262 1054 385 1092 reserate.
425 1029 519 1110 ripas
541 1030 617 1111 ipse
634 1048 711 1091 cum
733 1028 805 1090 suis
823 1025 1026 1089 festinanter
1042 1026 1192 1089 devenit.
1244 1025 1376 1089 Trans·

260 1104 354 1199 pprpy
363 1105 389 1151 '³'
424 1126 482 1190 itis
509 1134 623 1190 autern
648 1127 710 1189 tali
735 1124 883 1188 artificio
908 1125 1023 1207 aquis,
1049 1126 1229 1188 restabant
1254 1131 1289 1188 et
1316 1124 1375 1187 ad-

425 1224 492 1288 huc
520 1226 650 1288 limosae
677 1224 836 1307 quaedam
861 1223 1018 1306 paludes,
1044 1223 1080 1285 in
1106 1224 1230 1305 quibus
1246 1222 1374 1286 vadum

423 1324 608 1388 fundosum
629 1324 672 1387 ad
692 1321 973 1387 transmeandum
994 1321 1108 1385 habile
1130 1323 1204 1403 regi
1225 1322 1375 1386 latenter

258 1452 364 1511 aaronis,
423 1423 490 1485 suit
506 1430 693 1487 ostensum.
746 1420 856 1484 Aiunt
872 1419 1077 1484 monachum
1099 1421 1272 1502 quendam
1296 1441 1374 1503 pro-

260 1503 389 1601 lll'llll'
424 1523 546 1585 vinciae
575 1522 631 1586 Eli
661 1540 881 1603 pergnarum,
915 1527 951 1583 et
984 1537 1083 1601 aquae
1118 1520 1372 1583 transmeandus

258 1602 335 1651 ω’
422 1620 709 1702 praesumptorem,
727 1627 763 1684 et
780 1618 861 1682 vadi
887 1618 923 1680 in
951 1617 1136 1699 paludibus
1157 1619 1373 1681 monstrandi
1434 1695 1436 1697 q

343 1763 345 1767 -
423 1717 544 1782 ducem
560 1718 679 1794 fuisse,
701 1726 737 1782 et
758 1727 984 1794 ostensorem,
1003 1734 1104 1798 quem
1131 1725 1166 1780 et
1183 1724 1306 1800 postea
1328 1720 1372 1781 ob

257 1846 395 1895 elenen.
422 1816 527 1901 hujus
558 1818 690 1882 servitii
716 1817 864 1898 gratiam
890 1836 959 1880 non
988 1814 1097 1892 Petri,
1126 1816 1186 1880 sed
1220 1815 1370 1884 Simonis

259 1899 356 1944 services,
364 1906 407 1936 was

259 1948 381 1987 nmen
421 1915 538 1999 potius
559 1917 656 1981 clave
678 1916 713 1978 in
736 1916 916 1979 ecclesiam
934 1915 1179 1993 introductum,
1197 1916 1371 1979 abbatem-

257 1998 398 2097 ffiffl
421 2035 489 2097 que
528 2016 741 2083 Rumensem
773 2021 936 2078 vocatum
970 2013 1131 2088 vidimus,
1172 2014 1369 2097 multosque

421 2122 543 2195 postea
558 2115 602 2177 ob
618 2113 783 2197 injustam
805 2111 961 2176 ecclesiae
982 2112 1212 2176 inductionem
1234 2112 1370 2176 labores

421 2219 456 2276 et
483 2211 697 2287 afflictiones,
722 2212 800 2276 Deo
822 2210 919 2294 juste
945 2211 988 2273 de
1013 2210 1158 2275 occultis
1177 2211 1371 2295 judicante,

421 2311 604 2392 pertulisse
630 2311 868 2392 cognovimus.
936 2309 1003 2373 Sed
1025 2309 1144 2373 dehis
1165 2310 1201 2374 in
1224 2328 1369 2393 sequen-

348 2416 350 2419 ’
421 2411 525 2474 tibus.
578 2410 657 2474 Rex
676 2416 794 2473 autem
821 2411 866 2473 ad
890 2408 1055 2472 interiora
1081 2408 1205 2473 insulae
1229 2429 1368 2491 progre-

421 2508 530 2586 diens,
562 2511 750 2574 exercitum
773 2506 1053 2591 quaquaversum
1075 2509 1266 2573 discurrere
1290 2529 1369 2592 per-

421 2609 524 2684 misit,
543 2609 723 2692 ceptisque
746 2607 920 2672 nonnullis
942 2607 1096 2690 episcopi
1112 2608 1291 2685 militibus
1309 2609 1370 2673 sed

258 2736 372 2784 meru,
420 2715 456 2772 et
477 2708 598 2790 spoliis
620 2705 737 2790 magni
754 2707 869 2789 pretii,
886 2714 920 2770 et
937 2706 1108 2770 thesauris
1133 2708 1229 2770 mirae
1253 2708 1369 2773 multi·

257 2787 391 2876 llllllll‘
420 2807 550 2870 tudinis
564 2808 721 2890 repertis,
736 2805 965 2881 castellulum,
977 2806 1070 2886 quod
1085 2813 1161 2869 erat
1175 2807 1211 2868 in
1224 2807 1370 2870 introitu

256 2890 357 2976 ῗὲῗῖέῖξί
418 2905 554 2982 insulae,
587 2907 646 2969 ubi
675 2913 710 2969 et
748 2906 900 2987 episcopi
931 2923 968 2968 se
999 2904 1125 2968 milites
1157 2913 1369 2988 receperant,

419 3005 580 3079 obtinuit,
596 3011 631 3068 et
653 3005 808 3085 accepit:
835 3001 1022 3085 habitaque
1046 3002 1131 3089 mire
1159 3006 1194 3067 'et
1219 3005 1369 3084 gloriose

419 3102 461 3166 de
491 3103 697 3167 adversariis
719 3100 877 3179 victoria,
903 3101 1091 3183 plurimum
1118 3101 1275 3166 hostibus
1306 3123 1369 3186 per

255 3231 389 3280 rhenanae
419 3200 581 3284 Angliam
614 3209 776 3268 terrorem
805 3201 961 3266 incussit.
1030 3201 1223 3284 Episcopus
1253 3209 1367 3291 autem

255 3281 406 3380 {Jlfflpa
419 3301 477 3365 vix
502 3301 632 3383 regiam
658 3302 808 3365 evadens
826 3302 1002 3377 virtutem,
1017 3319 1159 3382 pauper,
1176 3307 1211 3364 et
1226 3299 1366 3382 depres-

254 3381 384 3470 iif¹⁰¹¹m
418 3419 477 3465 sus
496 3399 698 3464 Glaorniam
717 3399 865 3481 aufugit,
889 3399 948 3462 ubi
965 3418 1084 3462 omnes
1109 3419 1131 3462 a
1156 3419 1237 3480 rege
1261 3400 1366 3464 infes-

417 3499 483 3562 tati
509 3499 609 3579 quasi
637 3498 673 3560 in
700 3498 870 3561 sentinam
905 3495 1149 3574 convenerant,
1178 3498 1366 3580 didicitque

417 3615 559 3678 egenus
589 3596 681 3678 quod
702 3596 833 3660 discere
850 3597 970 3679 nequit
991 3597 1099 3673 divae,
1124 3604 1159 3660 et
1184 3599 1367 3680 superbus,

418 3696 500 3778 quia
518 3695 659 3778 deponit
676 3696 848 3761 Dominus
876 3701 1033 3776 potentes
1060 3697 1103 3760 de
1128 3696 1221 3773 sede,
1242 3704 1278 3761 et
1307 3699 1366 3778 qui

417 3816 454 3860 se
469 3804 671 3877 arroganter
685 3796 832 3870 exaltat,
848 3814 958 3877 usque
975 3796 1018 3859 ad
1044 3795 1150 3859 imum
1166 3795 1365 3878 depressum
1455 3865 1458 3869 f

416 3894 585 3959 humiliat.

468 3994 560 4056 Dum
580 3993 653 4056 baec
672 3994 707 4056 in
724 3993 854 4056 Eliensi
873 4000 1057 4074 agerentur
1072 3993 1263 4075 provincia,
1277 3995 1367 4060 Wil-

417 4092 540 4158 lelmus
557 4091 649 4155 filius
674 4089 828 4170 Ricardi,
845 4094 900 4155 vir
922 4093 1114 4156 stemmatis
1132 4093 1367 4171 illustrissimi,

417 4193 544 4273 quique
566 4189 750 4256 comitatbs
767 4191 1012 4256 Cornubiensis
1036 4191 1286 4274 amplissimum
1303 4195 1369 4258 sub
