3167 5000
397 465 440 527 lo
707 477 821 524 onsrn
845 477 1039 530 suasuram,

396 643 433 700 et
455 633 639 698 concordia
662 653 739 698 cum
760 635 837 715 ipso
857 630 1006 714 sepulta,
1031 633 1067 695 in
1089 631 1248 696 dominos
1266 651 1349 696 snos

396 734 577 799 Walenses
596 734 741 798 mortale
756 752 892 814 semper
908 733 1025 795 odium
1039 732 1223 813 spirantes,
1234 730 1349 795 foedus

397 833 488 916 quod
507 833 557 897 eis
574 833 786 915 pepigerant,
802 830 941 914 penitis
956 832 1185 912 abruperunt3
1202 852 1222 895 e
1238 830 1348 894 diver-

397 934 514 1014 sisque
526 933 703 995 turmatim
721 940 936 1012 emergentes
951 931 1049 1007 locis,
1060 949 1151 993 nunc
1166 930 1245 1006 huc,
1257 949 1348 992 nunc

397 1032 480 1095 illuc
500 1031 671 1095 hostiliter
698 1031 944 1105 discurrerunt,
968 1028 1236 1111 depraedatione,
1256 1029 1348 1109 igne,

398 1130 537 1211 gladi03
563 1131 663 1193 villas
679 1128 904 1205 evacuarunt,
917 1128 1036 1192 domos
1051 1135 1349 1209 consumpserunt,

235 1229 554 1292 oenantmhomines
593 1225 815 1293 necaverunt.
876 1227 924 1291 Et
955 1225 1103 1309 primirm
1140 1227 1278 1308 quidem
1311 1227 1347 1290 in

235 1301 379 1390 tl‘l‘iillll'
398 1329 606 1391 maritimam
636 1327 863 1408 provinciam,
885 1316 967 1407 'qnae
988 1332 1134 1389 vocatur
1159 1325 1267 1401 Goer,
1289 1325 1347 1388 de·

397 1427 591 1491 lectabilem
612 1426 809 1502 admodum,
840 1426 1001 1506 omnique
1026 1424 1203 1488 fertilitate
1227 1424 1349 1487 redun-

398 1526 550 1602 dantem,
565 1532 813 1607 promoverunt
836 1525 1037 1599 exercitum,
1059 1524 1254 1606 militesque
1270 1543 1348 1586 cnm

398 1625 549 1706 pedestri
579 1625 716 1704 agmine
750 1642 860 1706 usque
889 1623 932 1685 ad
963 1623 1170 1704 quingentos
1203 1630 1239 1686 et
1270 1642 1353 1685 sex-,

398 1723 520 1800 decim,
543 1723 580 1786 in
600 1743 706 1786 unum
724 1729 847 1786 contra
866 1741 926 1785 eos
944 1741 1090 1785 cuneum
1113 1722 1351 1808 conglobatos,

399 1822 551 1904 undique
579 1821 899 1898 circumvenientes,
922 1822 957 1883 in
987 1841 1046 1885 ore
1073 1821 1182 1902 gladii
1211 1819 1350 1902 penitirs

399 1928 672 2004 prostraverunt.
745 1920 881 1984 Deinde
912 1920 955 1984 de
987 1921 1098 2002 primo
1126 1919 1350 1983 dissensionis

399 2040 473 2084 snae
504 2027 630 2084 eventu
665 2019 830 2102 prospere
869 2025 1009 2101 peracto
1044 2017 1200 2100 apprime
1237 2019 1353 2082 collae-

400 2127 525 2196 tantes,
553 2138 616 2200 per
651 2138 769 2182 omnes
799 2138 836 2182 se
864 2118 1038 2189 Waloniae
1068 2118 1154 2182 fines
1186 2118 1353 2181 audacter

400 2217 615 2291 effuderunt;
651 2218 695 2280 ad
722 2237 824 2281 omne
850 2236 988 2299 quoqne
1013 2216 1147 2280 facinus
1171 2217 1284 2298 proni,
1308 2217 1352 2280 ad

401 2337 500 2383 omne
521 2317 679 2380 illicitum
705 2316 897 2397 perfaciles,
923 2336 992 2378 non
1020 2316 1131 2380 cuivis
1157 2317 1253 2379 aetati
1275 2335 1353 2397 par-

402 2436 491 2492 cere,
518 2435 586 2480 non
611 2414 722 2478 ordini
748 2415 898 2497 cuipiam
924 2415 1154 2478 reverentiam
1179 2415 1353 2492 exhibere,

402 2535 471 2579 non
488 2523 655 2597 tempore,
674 2523 736 2578 aut
754 2515 833 2578 loco
851 2514 990 2578 sceleris
1006 2516 1174 2579 immunes
1192 2516 1352 2579 existere.

238 2618 369 2667 ”⁶⁸¹³ss
403 2615 492 2679 Haec
509 2622 625 2678 autem
648 2614 779 2678 rebellii
805 2615 936 2677 semina
959 2615 1003 2677 ad
1023 2632 1124 2677 aures
1147 2616 1238 2695 regis
1260 2613 1384 2678 lama¹

238 2670 389 2810 ffiffl
402 2715 587 2789 deferente,
601 2712 760 2777 effrenem
782 2714 919 2777 illorum
943 2714 1169 2777 temeritatem
1196 2713 1356 2777 cohibere

402 2821 591 2890 attentans
606 2813 744 2889 milites,
762 2820 798 2877 et
812 2812 1012 2893 sagittarios
1028 2810 1177 2893 plurima
1201 2812 1355 2876 thesauri
1373 2808 1378 2815 ’

403 2913 458 2977 sui
487 2912 577 2993 stipe
610 2912 813 2987 conductos
829 2912 874 2975 ad
906 2931 966 2975 eos
996 2912 1208 2975 edomandos
1241 2901 1374 3000 trans-f

315 3088 318 3093 Ι
402 3011 505 3077 misit.
552 3010 618 3073 Sed
642 3010 713 3086 alii,
737 3010 856 3073 multis
891 3010 1029 3091 egregie
1061 3012 1281 3092 perpetratis
1308 3011 1356 3074 ibi

403 3110 520 3187 occisi,
535 3108 595 3173 alii
620 3109 767 3172 ferocem
793 3108 943 3173 hostium
970 3129 1040 3173 non
1064 3109 1212 3173 serentes
1238 3129 1357 3173 occur·

402 3210 546 3286 sionem,
559 3216 640 3291 post
656 3208 766 3273 multa
779 3208 957 3284 exercitia,
967 3215 1003 3272 et
1019 3209 1205 3290 impensas,
1218 3209 1357 3291 inglorii

401 3316 625 3375 recesserunt.

243 3430 337 3471 areuna
455 3402 549 3485 Fuit,
568 3408 687 3472 eodem
707 3407 744 3470 in
762 3414 930 3488 tempore,
942 3406 1116 3470 Rioardus
1133 3406 1225 3469 filius
1242 3404 1358 3471 Gisle-

242 3479 379 3571 illidii„
404 3508 492 3570 berti
509 3504 725 3581 inWalonid,
739 3505 793 3569 vir
805 3504 942 3569 sincera
953 3506 1185 3586 generositate
1199 3506 1358 3587 insignis

242 3579 392 3629 ''yth‘mh'
405 3607 574 3687 cognatis,
591 3612 627 3668 et
648 3604 844 3668 hominibus
867 3603 975 3668 fultus
997 3605 1190 3681 ditissimis,
1205 3607 1305 3669 terris
1323 3614 1359 3669 et

404 3706 557 3769 castellis
581 3704 767 3769 heredatus
792 3702 994 3780 innumeris,
1015 3705 1075 3786 qui
1098 3724 1217 3767 omnes
1242 3704 1360 3768 affines

404 3825 486 3870 suos
504 3804 570 3868 fide
587 3805 718 3869 habens
737 3802 987 3879 consederatos,
1004 3803 1181 3867 obsidibus
1199 3803 1281 3867 vero
1299 3805 1359 3867 ob-

441 3968 614 4033 ¹Duchesne,
632 3970 738 4020 ‘Guen’
777 3971 869 4020 Ihave
894 3971 959 4019 rium
972 3970 1362 4033 Gambriae‚c.8,andanswers

404 4041 579 4091 endeavoured
597 4042 623 4088 in
633 4041 692 4088 vain
711 4044 737 4087 to
756 4040 808 4087 lind
819 4055 868 4101 any
894 4045 920 4088 to
940 4055 987 4088 our
1005 4041 1108 4089 modern
1127 4040 1361 4102 Glamorganshire.

404 4111 513 4160 mention
521 4110 550 4158 ol
558 4125 607 4171 any
616 4110 679 4158 such
688 4110 815 4171 province,
823 4111 869 4158 but
893 4110 1035 4159 ‘Intrantes
1043 4110 1129 4171 itaque
1138 4111 1294 4171 provinciam
1302 4126 1360 4172 quaa

404 4179 867 4242 theprovinceol'Goerismentioned
892 4179 1015 4227 “ticet''
1046 4180 1147 4241 dicitnr,
1173 4180 1200 4228 in
1223 4185 1306 4229 cauno
1330 4181 1362 4228 de

404 4252 431 4298 in
442 4250 565 4300 Giraldns
578 4249 868 4311 Gambrensis,1tinera-
893 4249 1039 4311 Swanseye‚
1050 4250 1097 4298 &a
1110 4249 1331 4310 pernoctavimus.’
