3167 5000
554 474 659 523 anais
686 476 900 524 anonoauu.
1139 462 1203 525 133

254 628 299 691 ab
321 629 481 693 omnibus
499 649 581 706 aera,
599 639 633 696 et
653 631 893 708 donaria,sinc
915 630 1108 695 cessatione
1129 633 1201 695 exi-

255 746 347 807 gere,
365 727 420 791 his
435 748 570 810 poenas,
587 738 622 793 et
638 730 822 812 supplicia,
838 731 919 807 illis,
937 730 1092 795 diversas
1110 751 1200 793 mor-

256 831 320 903 tes,
337 827 411 891 solo
435 829 650 893 crudelitatis
674 829 802 904 studio,
820 829 953 892 inferre.
1007 828 1075 892 Sed
1094 835 1201 893 tantae

254 924 348 989 illius
369 926 512 991 malitia
532 927 673 1003 vindex,
698 935 734 991 et
757 926 954 1003 retributor,
971 927 1080 1003 Deus,
1103 926 1202 1009 justo

256 1024 374 1088 eadem
412 1024 546 1108 judicio
585 1026 621 1088 in
660 1033 837 1090 auctorem
877 1026 1014 1089 tandem
1056 1025 1203 1089 reflexit.

256 1120 359 1186 Cives
387 1142 537 1206 namque
557 1124 625 1187 loci
651 1123 756 1200 illius,
779 1124 840 1188 sed
864 1130 899 1187 et
922 1124 965 1188 de
987 1125 1205 1204 comprovin-

257 1220 401 1285 cialibus
419 1222 574 1285 nonnulli
597 1268 778 1287 ......
803 1223 887 1286 tatis
903 1222 997 1285 illius
1009 1221 1203 1285 barbariem

256 1319 349 1399 aegre
378 1320 538 1396 ferentes,
555 1320 591 1383 in
611 1338 714 1384 unam
745 1320 975 1401 proditionem
1000 1322 1204 1403 conspirans

258 1462 438 1481 ......
463 1418 640 1496 militibus,
659 1419 702 1482 ad
725 1418 825 1502 cujus
848 1418 987 1483 seudum
1009 1419 1076 1501 ipsi
1101 1420 1205 1501 perti·

256 1516 397 1591 nebant,
414 1522 449 1579 et
466 1518 558 1580 circa
573 1517 686 1599 ipsum
704 1517 885 1581 castellum
913 1563 1065 1582 .....
1093 1517 1204 1593 ositis,

257 1613 465 1677 Walterium
487 1621 523 1678 et
546 1634 640 1692 suos,
657 1616 716 1697 qui
741 1615 784 1678 de
806 1616 950 1679 castello
972 1616 1145 1697 progressi
1167 1616 1203 1677 in

257 1712 438 1775 ecclesiam
478 1760 485 1775 .
515 1758 523 1776 .
548 1760 556 1776 .
586 1760 593 1777 .
619 1760 626 1775 .
655 1760 662 1774 .
698 1732 942 1795 arecumque
969 1733 1047 1779 eum
1074 1714 1203 1794 suppli-

256 1810 342 1874 citer
388 1811 623 1891 implorarent,
669 1813 834 1893 quatinus
879 1812 914 1874 in
964 1812 1203 1875 exactionibus

258 1953 440 1972 ......
465 1910 540 1971 vior
561 1909 667 1984 tieret,
686 1917 722 1973 et
742 1910 801 1972 ille
818 1910 931 1973 fronte
952 1910 1124 1991 pervicaci
1149 1910 1202 1972 in·

257 2003 440 2086 dignanter
454 2007 700 2088 respondisset,
716 2054 865 2071 .....
878 2006 1203 2071 immomultdfera·

257 2102 326 2166 libs
353 2102 457 2186 quam
485 2112 712 2169 consueverat
728 2114 895 2182 acturam,
909 2124 999 2169 unus
1017 2123 1062 2170 ex
1079 2106 1129 2168 eis
1144 2124 1203 2168 au·
1215 2120 1278 2208 1ξῐοοίι
1287 2120 1351 2209 '¹2¹3

256 2202 376 2265 dacter
397 2203 591 2285 prosiliens,
609 2205 846 2267 acutissimam
863 2205 1043 2287 bipennem
1068 2204 1104 2266 in
1124 2204 1201 2286 ejus
1215 2181 1311 2259 οἶῆιῗῖἷ
1352 2181 1364 2209 ⁶

256 2302 424 2364 cervicem
450 2301 604 2365 virtuose
628 2348 779 2366 .....
805 2302 873 2365 isto
891 2304 1108 2384 interempto,
1123 2302 1203 2365 reli·

256 2417 343 2479 quos
361 2398 465 2463 etiam
483 2400 559 2483 ejus
583 2398 833 2463 commilitones
856 2400 1027 2465 instanter
1049 2406 1202 2481 prostra-

257 2506 382 2562 verunt
409 2544 598 2562 ......
625 2495 758 2562 insidiis
787 2497 1036 2564 delitescebant
1060 2518 1202 2563 concur-

256 2597 422 2674 rentibus,
437 2615 496 2660 eos
513 2596 573 2678 qui
588 2596 624 2659 in
639 2597 782 2661 castello
797 2605 897 2661 erant
912 2599 1070 2679 protinus
1085 2600 1199 2661 obser·

257 2741 454 2759 ......
477 2695 615 2757 tandem
646 2694 738 2759 datis
770 2695 915 2772 dextris,
940 2705 976 2760 et
1008 2715 1095 2778 pace
1122 2715 1203 2759 con·

255 2790 554 2870 tociacensium
573 2801 785 2875 receperunt.
840 2792 941 2858 Circa
956 2795 1045 2858 idem
1063 2840 1201 2858 .....

257 2890 396 2953 Patritii
410 2890 543 2954 comitis
555 2892 748 2968 castellum,
764 2892 856 2973 quod
870 2892 1050 2957 Duntunal
1066 2892 1204 2968 dicitur,

255 3008 300 3053 ex
327 2989 418 3073 jure,
445 2997 480 3053 et
511 2990 728 3072 possessione
763 3036 959 3056 ......
984 2993 1015 3056 is
1047 2991 1202 3056 ecclesiae

255 3081 349 3152 furto
386 3087 636 3170 surripuerunt,
675 3089 856 3154 castellum
896 3108 1051 3154 escarum
1093 3090 1203 3171 copiis

256 3185 427 3249 uberrime
454 3207 491 3250 re
519 3233 713 3251 ......
741 3193 912 3268 apparatu
940 3187 1095 3270 apprime
1117 3207 1204 3270 prae·
1307 3219 1312 3226 ·

254 3287 436 3362 munitum,
479 3285 719 3368 impositisque
766 3285 999 3372 praedonibus,
1041 3295 1077 3351 et
1117 3287 1203 3350 alio-

256 3404 332 3446 rum
357 3429 534 3447 ......

648 3559 655 3590 ¹
671 3565 809 3617 Downton.
