3167 5000
425 472 447 534 4
734 491 850 539 cusrn
873 485 1068 552 srurunur,

427 647 492 710 bus
518 645 708 729 subjacere,
734 647 795 710 ubi
826 646 905 729 ipsa
942 646 1050 713 totius
1083 644 1261 726 regiminis
1293 656 1382 727 pree-

428 745 553 823 sentiu,
593 745 811 828 justitiaeque
859 744 990 827 caput1
1019 743 1178 809 defuerit.
1245 744 1381 812 Idcirco

430 864 544 927 operae
577 845 726 926 pretium
760 846 811 909 eis
847 863 922 911 esse
952 863 1068 926 regem
1102 841 1207 926 qubm
1246 843 1381 909 mature

430 944 651 1021 constituere,
677 945 736 1026 qui
770 944 814 1009 ad
849 943 1039 1008 communis
1071 943 1233 1006 utilitatis
1261 962 1381 1025 pacem

430 1043 695 1119 reformandam,
713 1051 748 1107 et
765 1043 949 1107 rebellibus
969 1042 1066 1123 regni
1088 1050 1243 1105 armatus
1262 1061 1383 1108 occur·

431 1150 534 1219 reret,
559 1151 595 1206 et
622 1143 737 1223 legum
763 1142 925 1206 instituta
947 1142 1044 1224 juste
1077 1140 1286 1224 disponeret.
1339 1141 1382 1204 Id

432 1261 569 1323 quoque
597 1242 652 1304 sui
677 1260 752 1304 esse
774 1241 878 1324 juris,
904 1241 1027 1322 suique
1054 1240 1250 1322 specialiter
1274 1241 1381 1322 privi-

432 1339 527 1421 legii,
552 1347 591 1402 ut
622 1341 652 1402 si
678 1360 740 1404 rex
771 1341 927 1422 ipsorum
959 1338 1227 1421 quoquomodo
1260 1340 1383 1416 obiret,

432 1439 521 1502 alius
543 1458 606 1504 suo
634 1440 774 1520 provisu
800 1441 837 1502 iu
863 1458 970 1519 regno
987 1438 1247 1501 substituendus
1272 1457 1383 1502 eves·

432 1538 518 1618 tigio
535 1537 744 1603 succederet.
797 1538 873 1601 Nec
901 1538 1006 1600 alium
1030 1556 1106 1600 sese
1132 1538 1168 1600 in
1191 1557 1294 1599 mauu
1322 1537 1384 1600 ha·

432 1638 524 1712 bere,
541 1638 601 1719 qui
623 1639 715 1719 regis
731 1637 824 1701 vices
841 1636 1032 1718 adimplens
1050 1637 1160 1699 tantis
1172 1637 1270 1718 regni
1292 1637 1383 1718 peri·

432 1735 519 1798 culis
547 1735 649 1798 finem
677 1737 880 1817 imponeret,
909 1755 1013 1817 quant
1038 1735 1250 1817 Stephanum
1273 1736 1382 1811 illum,

433 1833 562 1910 divino,
572 1842 612 1897 ut
622 1835 688 1898 sibi
697 1835 892 1912 videbatur,
906 1842 992 1898 nutu
1005 1836 1168 1898 intereos
1183 1835 1383 1910 adductum,

434 1934 500 2014 [et]
523 1934 582 2016 qui
606 1933 649 1996 ad
672 1935 738 2000 hoc
760 1935 919 2010 idoneus,
944 1943 1015 1997 tam
1039 1935 1176 2015 generis
1199 1934 1382 2014 dignitate,

431 2030 537 2114 qudm
558 2034 661 2096 animi
683 2035 868 2114 probitate,
885 2033 1043 2097 omnibus
1061 2034 1260 2116 apparebat.
1313 2032 1384 2101 His

432 2131 541 2212 igitur
566 2131 705 2208 auditiS,
725 2139 761 2196 et
788 2134 833 2196 ab
856 2132 1204 2212 omnibusgratiosd,
1220 2131 1384 2215 nulloque

434 2229 552 2313 aperte
577 2231 832 2297 contradicente
857 2232 1017 2314 receptio,
1039 2232 1082 2295 de
1106 2251 1212 2313 regno
1243 2233 1385 2314 suscipi-

431 2330 522 2393 endo
539 2349 616 2394 eum
640 2331 675 2393 iu
699 2350 877 2394 commune
892 2330 1088 2394 consultum
1105 2331 1315 2408 conscivere,
1331 2350 1385 2395 re·

433 2447 593 2512 gemque,
607 2430 757 2495 omnium
772 2430 816 2493 ad
830 2430 895 2493 hoc
909 2429 1141 2494 concordante
1154 2430 1285 2507 favore,
1301 2450 1383 2496 cou-

433 2530 597 2617 stituere3
622 2528 759 2595 firmata
775 2529 873 2611 prius
888 2531 1061 2611 utrimque
1077 2531 1249 2612 pactione,
1267 2550 1384 2612 perac-

434 2635 550 2711 toque,
575 2639 613 2692 ut
637 2629 763 2709 vulgus
802 2631 990 2706 asserebat,
1021 2637 1141 2693 mutuo
1170 2629 1383 2711 juramento,

433 2733 472 2791 ut
489 2747 566 2791 eum
585 2728 679 2791 cives
703 2728 817 2809 quoad
836 2729 968 2793 viveret
990 2728 1114 2809 opibus
1136 2736 1382 2804 sustentarent,

433 2826 564 2889 viribus
577 2833 792 2906 tutarentur3
816 2828 891 2910 ipse
905 2834 1033 2903 autem,
1048 2828 1091 2891 ad
1107 2847 1251 2908 regnum
1266 2828 1385 2909 pacili-

432 2924 592 3001 oandum,
612 2925 656 2988 ad
680 2928 832 2989 omnium
854 2927 1050 2995 eorumdem
1070 2925 1285 3008 suffragium,
1307 2933 1401 2995 toto.

432 3041 508 3085 sese
524 3030 650 3086 conatu
668 3023 889 3105 accingeret.2

269 3141 362 3191 stophen
373 3152 410 3180 en.
483 3121 680 3205 Stephanus
710 3122 841 3206 itaque,
874 3132 946 3187 tarn
978 3124 1154 3189 fortunato
1186 3133 1325 3202 eventu,
1347 3134 1383 3193 et

270 3192 373 3231 deuvours
385 3196 408 3230 to
497 3222 504 3236 .

269 3242 405 3331 {fflilfflh‘
431 3240 524 3303 regis
547 3242 682 3299 nomen,
706 3230 741 3286 et
762 3224 861 3304 regni
888 3224 1020 3305 apicem
1042 3216 1235 3300 assecutus,
1253 3225 1298 3288 ad
1321 3246 1383 3307 pa-

269 3303 325 3381 uoh.
344 3302 382 3341 '¹⁸'
431 3340 506 3385 cern
522 3322 558 3385 in
576 3342 684 3403 regno
701 3322 950 3387 conciliandam
966 3342 1042 3386 sese
1056 3322 1201 3386 viriliter
1218 3325 1382 3405 armavit3

431 3420 585 3502 ipsisque
622 3422 854 3501 praedonibus,
880 3422 939 3504 qui
974 3421 1272 3504 circumjacentem
1305 3444 1384 3505 grav

434 3518 522 3581 viter
553 3518 806 3601 depopularent
841 3521 1067 3602 provinciam,
1098 3514 1233 3585 fortiter
1265 3542 1385 3586 occur.

432 3635 523 3697 rens,
539 3617 705 3699 insignem
731 3639 814 3683 mox
840 3620 876 3682 in
899 3619 995 3699 regni
1018 3619 1072 3682 sui
1095 3619 1281 3701 primordio
1305 3642 1384 3704 pro-

433 3717 556 3780 meruit
578 3716 727 3782 titulum.
780 3718 867 3782 Erat
885 3737 1033 3801 namque
1051 3737 1092 3781 eo
1108 3719 1143 3782 in
1162 3726 1315 3801 tempore
1329 3721 1383 3785 vir

432 3817 583 3897 quidam,
628 3819 694 3881 etsi
725 3818 906 3898 dignitatis
948 3819 1098 3899 exiguae,
1138 3825 1259 3901 utpote
1291 3822 1384 3901 regis

466 3987 473 4016 ¹
494 3985 560 4035 ‘ubi
582 3988 640 4049 ipso
662 3991 739 4038 totius
765 3992 895 4053 regiminis
918 3993 977 4040 cath
999 3991 1085 4040 which
1102 3992 1213 4053 Stephen
1234 3992 1257 4041 is
1279 3996 1336 4043 said
1357 4001 1383 4045 to

425 4056 584 4117 justitiaeque
593 4064 671 4117 caput
678 4062 831 4121 praesentia,’
840 4061 895 4108 Du·
917 4061 982 4110 hare
1001 4062 1080 4109 taken
1099 4062 1150 4110 und
1168 4062 1276 4124 brokeu;
1296 4065 1343 4114 but
1357 4066 1386 4115 of
1471 4081 1474 4085 ·

429 4124 529 4174 chesne.
917 4130 967 4179 this
984 4131 1026 4179 the
1043 4130 1133 4179 author
1143 4131 1172 4180 oi
1181 4131 1223 4181 the
1235 4132 1317 4182 Gesta
1329 4136 1384 4185 Ste-

463 4192 529 4246 'Oi
553 4196 622 4245 Will.
643 4196 672 4245 of
685 4198 833 4261 Newbrige,
854 4203 894 4248 15.
917 4200 995 4261 phuni
1006 4200 1080 4248 takes
1091 4214 1123 4249 no
1133 4202 1225 4254 notice.
1273 4202 1383 4256 (li-Gul.

428 4263 539 4313 Williaru
563 4266 592 4314 οῖ’
605 4266 765 4329 Malmsbury
777 4271 847 4331 gives
862 4284 895 4317 un
919 4269 1022 4319 Malms.
1035 4273 1115 4329 707.Ι
